3916 5930
511 507 632 568 CAPUT
653 508 715 566 Vll.
739 505 1016 568 EPIGRAMMATA
1037 505 1305 567 SEPULGRALlA.
1645 505 1702 560 315

147 640 329 718 πρωτοθολου,
345 641 377 696 δι’
392 635 453 708 δ’σης
465 639 555 710 ἤλθετε
564 643 705 718 πυρκαϊῆςί
957 645 1214 707 primum-emicantis,
1225 657 1267 708 per
1276 643 1395 706 quantum
1409 640 1542 690 incessistis
1551 638 1702 688 incondium!

228 804 294 855 ars.
316 795 564 866 ΑΝΤΙΠΑΤΡΟΥ
585 795 778 854 tlattlttlol·¹
1124 809 1176 853 us.
1195 803 1361 850 narremur
1374 799 1498 848 sunonu.

106 949 164 1020 Τὴν
178 950 224 1007 κοιλ
238 949 294 1026 ἅμα
307 954 397 1029 χρυσῷ
414 950 458 1008 καὶ
473 948 605 1030 ἁλουργίδι
623 950 668 1008 καλ
683 949 728 1008 σὺν
745 946 844 1029 Ἔρωτι
928 959 997 1008 lllam
1010 959 1083 1008 simul
1097 961 1121 1008 et
1134 971 1192 1007 auro
1201 961 1226 1007 et
1234 957 1433 1022 purpurea-reste
1448 958 1473 1006 et
1486 955 1573 1004 comite
1587 961 1674 1002 Amore

147 1039 343 1118 θρυπτομένην,
360 1039 464 1109 ἁπαλῆς
479 1040 607 1118 Κύπριδος
622 1039 767 1118 θύροτέραν
958 1045 1135 1106 luxuriantem,
1146 1049 1230 1095 tenera
1243 1045 1346 1108 cypride
1360 1043 1523 1094 delicatiorem

107 1121 183 1184 Λαΐδ’
198 1124 267 1203 ἔχω,
280 1129 398 1196 πολιῆτιν
419 1126 553 1194 διλιζώνοιο
567 1125 707 1204 Κορίνθου,
930 1135 1028 1186 haidem
1039 1133 1156 1195 c‘ohibco,
1173 1135 1251 1183 ciuem
1263 1135 1427 1183 mari-cinctae
1439 1131 1563 1192 Corinthi,

148 1215 279 1291 harpasa,
291 1215 389 1271 λευκῶν
402 1213 571 1294 φαιδροτάραν
583 1211 716 1285 λιθάδων,
958 1225 1055 1275 Pireues
1063 1224 1124 1274 albis
1131 1223 1316 1288 splendidiorem
1324 1223 1450 1284 laticibus,
1638 1221 1705 1284 plari

71 1325 83 1359 s
106 1299 154 1370 τὴν
169 1299 263 1373 θνητλν
279 1300 436 1381 Κυθέρειαν,
452 1303 491 1383 ἐφ’
503 1292 522 1379 ᾖ
534 1307 679 1380 μνηστῆρες
689 1301 779 1378 ἀγαυοί
928 1313 993 1362 illam
1004 1313 1131 1363 mortalem
1144 1311 1302 1375 cytheream,
1312 1311 1343 1360 ad
1356 1323 1431 1374 quam
1448 1310 1624 1374 expetendam
1637 1310 1705 1374 proci

146 1388 261 1454 πλείονες
273 1388 290 1458 ἢ
307 1389 408 1469 νύμφης
423 1387 507 1448 εἵνεκα
523 1389 693 1468 Τυνδαρίδος,
958 1401 1041 1464 plures
1054 1403 1174 1450 easrrtere
1187 1414 1261 1462 quam
1271 1399 1387 1462 virginem
1400 1398 1432 1448 ob
1443 1397 1618 1460 Tyndaridem,

107 1475 275 1568 δρεπτύμενοι
289 1476 399 1554 χάριτάς
411 1501 440 1534 τε
454 1477 498 1535 καὶ
511 1475 613 1546 ὠνητὴν
626 1474 775 1555 ἀφροδίτην·
929 1493 1053 1552 carpentes
1066 1489 1202 1554 gratiasque
1217 1491 1241 1538 et
1250 1487 1359 1537 rendam
1375 1499 1505 1536 venerem:

109 1645 124 1658 „
146 1569 176 1634 ἡς
187 1564 232 1621 καὶ
244 1566 288 1622 ὑπ’
301 1563 390 1622 εὐώδει
403 1563 501 1640 τύμύσς
516 1564 595 1622 ύδωδε
612 1563 716 1642 κρόκῳ,
960 1579 1029 1640 cujus
1043 1579 1067 1626 ct
1076 1576 1123 1626 sub
1136 1573 1330 1626 odoro-suaviter
1341 1573 1391 1624 olet
1402 1574 1515 1624 tumulus
1532 1589 1610 1634 croco,

107 1659 136 1723 ἧς
150 1651 312 1723 taxabam
327 1653 401 1732 μύρῳ
414 1653 443 1710 τὸ
458 1651 596 1731 δῑᾶὅροχον
610 1655 717 1722 insilit,
929 1665 999 1727 cujus
1012 1663 1093 1714 adhuc
1105 1664 1220 1727 fragranti
1229 1665 1353 1726 unguento
1361 1661 1463 1711 humida
1471 1675 1527 1710 ossa

58 1761 82 1798 ro
146 1739 190 1797 καὶ
204 1738 314 1818 λιπαραὶ
325 1730 497 1815 θυύεινάσθμα
512 1739 618 1796 πνέουσι
628 1737 722 1812 κόμαι·
959 1752 984 1799 ct
996 1749 1079 1799 nitida
1090 1748 1171 1798 thuris
1182 1749 1282 1798 odorem
1291 1750 1383 1813 spirant
1397 1762 1490 1807 coma,

106 1817 125 1902 ᾖ
138 1826 180 1884 ἔπι
193 1827 273 1884 καλὸν
285 1825 367 1902 άμυξε
378 1827 445 1886 κατὰ
464 1825 533 1907 ῥίθος
546 1825 721 1904 Ἇφρογένεια,
929 1850 1002 1899 super
1011 1851 1059 1899 qua
1069 1835 1198 1900 pulchram
1208 1837 1325 1886 laceravit
1340 1836 1424 1885 taciem
1435 1837 1608 1900 Spuma-nata,

145 1915 189 1972 καὶ
204 1917 290 1992 γοερὸν
303 1916 385 1984 λύζων
399 1916 572 1994 ίστσνάχησεν
586 1913 685 1992 Ἔρως.
959 1927 984 1974 et
992 1924 1147 1974 lacrimosum
1160 1925 1303 1986 singultiens
1312 1923 1429 1988 ingemuit
1441 1927 1523 1973 Amor.
1597 1923 1704 1972 ilectum

110 2003 144 2060 Ei
158 2001 183 2058 δ’
193 2005 222 2061 οὐ
233 2003 372 2078 πάγκοινον
387 2001 479 2073 δούλην
494 2001 552 2059 θέτο
567 2000 669 2079 κέρδους
680 2000 771 2070 εὐνὴν,
929 2013 953 2062 Si
963 2026 1021 2062 tero
1032 2027 1079 2062 non
1091 2011 1366 2061 commuucmomnibus
1378 2015 1402 2061 et
1418 2026 1517 2061 servum
1532 2011 1593 2060 lucri
1613 2010 1709 2062 iecisset

145 2088 243 2156 Ἑλλὰς
256 2089 286 2148 ἂν
294 2135 302 2162 ,
311 2093 345 2156 ὡς
355 2089 478 2162 Ἑλένης,
492 2088 566 2158 τῆσδ’
580 2087 644 2164 ύπερ
658 2088 718 2166 ἔσχε
735 2088 823 2145 πόνον.
960 2101 1129 2162 Graecia,utob
1138 2097 1706 2161 Helenam,stclrujuscausahabuissetbellum.

232 2258 300 2308 219.
321 2247 536 2306 ΠΟΜΙΙΗΙΟΥ.
548 2245 760 2305 nuntiaret.
1137 2261 1190 2307 219.
1209 2258 1339 2306 nemean
1355 2257 1502 2306 nunionis.

109 2414 141 2474 ‘lt
156 2415 186 2473 τὸ
200 2413 278 2471 καλὸν
290 2413 333 2472 καὶ
347 2421 426 2472 πᾶσιν
441 2413 564 2491 ἐράσμιον
578 2411 730 2486 ἀνθήσασα,
930 2421 991 2475 Qum
1004 2415 1133 2479 pulchrum
1145 2417 1170 2464 ct
1179 2414 1275 2463 cunctis
1289 2413 1416 2463 amabilem
1430 2393 1620 2473 domim-tioruit,

145 2506 162 2571 ἠ
178 2498 260 2575 μούνη
272 2498 394 2577 Χαρίτων
407 2500 491 2576 λείρια
506 2497 671 2577 δρεψαμένη,
962 2517 1016 2567 quac
1028 2503 1080 2552 sola
1089 2502 1227 2552 Gratiarum
1238 2501 1289 2551 lilia
1296 2501 1393 2564 carpsit,

108 2589 192 2648 οὐκέτι
204 2588 393 2667 χρυσοχάλινον
407 2591 454 2667 δρᾷ
472 2587 565 2665 δρόμον
579 2583 676 2654 ἠελίοιο
930 2589 1090 2651 non-amplius
1103 2589 1362 2638 aureoireno-rectnm
1376 2587 1453 2636 cernit
1466 2599 1564 2636 cursum
1574 2585 1631 2635 solis

146 2671 227 2752 Λαῒς,
244 2675 368 2752 ἐκοιμήθη
386 2677 408 2733 δ’
422 2676 500 2734 ὕπνον
514 2673 688 2752 ὀφειλόμενον,
959 2679 1029 2735 Lais,
1044 2677 1087 2726 scd
1097 2676 1243 2725 obdormirit
1254 2671 1367 2725 bomnum
1379 2675 1502 2734 debiturn,

109 2765 225 2842 κώμους,
243 2764 288 2824 καί
301 2765 334 2823 τθι
348 2766 412 2823 νέων
423 2762 583 2839 ζηλώματα,
600 2761 645 2818 καὶ
656 2761 689 2818 τὰ
700 2761 844 2818 ποθεύντων
904 2821 905 2826 γ
930 2766 1046 2814 convitiis
1055 2766 1225 2830 ,·cty'uvenum
1236 2763 1412 2822 rivalitatibus,
1424 2765 1449 2811 et
1457 2761 1590 2820 arnantium
1621 2761 1701 2825 [oens.

145 2854 294 2928 κνίσματα,
309 2852 353 2910 καλ
369 2853 469 2929 μύστην
482 2852 573 2930 λύχνον
586 2847 763 2924 ἀπειπαμένη.
964 2851 1158 2901 vellicationibus
1172 2853 1196 2900 et
1217 2850 1480 2899 secretorum-conscire
1496 2849 1603 2898 lucernae
1620 2849 1713 2898 valedi-¹

218 3019 285 3068 κου.
302 3008 470 3068 ΑΓΑΘΙΟΥ
489 3004 773 3065 ΣΧΟΑΑΣΤΙΚΟΥ.
1098 3015 1150 3058 220.
1169 3010 1317 3057 nonarum
1333 3008 1535 3057 senonnsrrct

108 3155 217 3238 Ἐρπων
233 3161 268 3225 εἷς
282 3159 396 3240 Ἐφύρην
406 3157 488 3238 τάφον
500 3159 607 3236 ἔδρακον
624 3159 692 3238 ἀμφὶ
706 3157 825 3214 κέλευθον
934 3161 1032 3210 Vadens
1055 3161 1176 3224 Ephyram
1198 3157 1383 3220 (corinthum)
1403 3171 1490 3208 versus
1504 3157 1645 3220 sepulcrum
1661 3155 1710 3204 ridi

146 3245 245 3312 Λαίδος
257 3247 384 3326 ἀρχαίης,
398 3249 432 3312 ὡς
443 3245 472 3303 rb
486 3243 614 3330 χάραγμα
628 3245 707 3322 λέγει.
825 3250 826 3258 ’
845 3269 849 3276 ·
962 3249 1155 3309 Laidisveteria,
1170 3251 1198 3297 ut
1209 3247 1340 3309 inscriptus
1351 3247 1439 3296 titulus
1451 3245 1547 3293 indicat.
1564 3243 1711 3306 [jtutaviam

108 3335 197 3413 Δάκρυ
213 3335 235 3392 δ’
250 3335 416 3408 ἐπισπείσας,
428 3361 439 3386 ι
451 3333 567 3412 Καίροις,
580 3331 666 3410 γύναι,
682 3335 711 3390 ἐκ
728 3332 777 3412 γὰρ
791 3337 885 3403 ἀκουῆς
933 3343 966 3387 tc
980 3338 1103 3386 lacrimam
1111 3337 1237 3396 instillans,
1250 3358 1261 3379 ιι
1274 3337 1370 3395 Valeas,
1384 3335 1479 3395 mulier,
1500 3347 1554 3383 nam
1568 3347 1599 3384 ex
1616 3333 1680 3382 tama

147 3451 161 3476 u
181 3423 300 3505 οἰκτείρω
311 3422 340 3482 σε’
354 3425 390 3500 γ’,
408 3450 419 3474 ν
435 3423 512 3503 ἔφην,
529 3450 541 3473 «ι
556 3421 587 3492 ἣν
601 3421 683 3498 πάρος
697 3423 743 3479 οὐκ
755 3421 855 3496 ἰδόμην.
964 3445 975 3466 «ι
994 3425 1109 3474 misereor
1121 3425 1172 3486 tui,
1186 3445 1197 3468 ν
1212 3424 1275 3485 dixi,
1293 3445 1305 3468 n
1320 3438 1395 3486 quam
1408 3424 1465 3473 olim
1477 3438 1525 3472 uon
1537 3422 1587 3471 vidi
1611 3421 1711 3484 [Lethen

108 3539 120 3562 ι
133 3501 165 3570 'a
182 3512 262 3570 πόσον
272 3509 366 3583 ἠϊθέων
380 3509 436 3569 νύον
449 3509 556 3588 ἤκαχες·
570 3511 628 3566 ἀλλ’
640 3510 678 3566 ἴδε
692 3508 780 3580 Λήθην
935 3534 946 3556 ι
962 3513 999 3562 Ah
1010 3517 1158 3576 quantopere
1173 3514 1292 3576 Juvenum
1310 3512 1418 3561 munaum
1435 3510 1571 3574 pupugisti!
1586 3510 1632 3558 Scd
1652 3523 1711 3558 ecco

147 3624 160 3650 ι
176 3595 272 3670 ναίεις,
296 3592 408 3676 ἀγλαίην
425 3599 451 3656 ἐν
462 3597 534 3676 χθονλ
549 3596 705 3670 κατθεμένη.
721 3621 733 3648 ν
967 3597 1710 3663 uincolispulchritudinemintelluropostquam-deposuisti.»

143 3903 190 3948 Per
201 3913 271 3964 quem
282 3898 408 3957 transistis,
418 3907 519 3962 quantus
532 3896 550 3945 is
564 3897 623 3962 ignis
634 3900 697 3944 erat!
1169 3909 1224 3954 ²¹9-
1240 3909 1343 3939 nonrrrr
1357 3907 1481 3950 νυκνονιιε,

336 4010 393 4058 σιθ,
407 4023 537 4056 ειιτινιτιιι
556 4023 663 4066 srnorrrr,
1257 3997 1286 4046 de
1300 3996 1389 4046 endem.

440 4117 469 4166 de
484 4114 562 4166 Laide.
934 4111 993 4170 Qum
1003 4107 1103 4156 iormosa
1116 4108 1180 4172 prius
1193 4107 1307 4157 vernabat
1318 4107 1419 4156 amabile
1431 4107 1530 4168 cunctis,

968 4189 1023 4238 Sola
1036 4199 1119 4238 tenens
1129 4189 1211 4251 tiores,
1223 4189 1305 4238 Gratia
1316 4199 1398 4248 terrra,
1410 4198 1475 4249 tuos,

935 4275 990 4321 Non
1003 4272 1067 4321 videt
1080 4273 1250 4338 aurieomiy'am
1260 4271 1315 4320 solis
1326 4270 1416 4319 lumina
1428 4271 1495 4330 Lais,

970 4355 1040 4405 Victa
1051 4357 1092 4404 scd
1106 4366 1194 4406 aeterno
1206 4355 1312 4405 membra
1322 4370 1408 4421 sopore
1414 4355 1491 4418 jacet,

915 4497 918 4504 Ι
936 4442 1032 4502 Vosque
1043 4438 1132 4503 epula),
1144 4439 1218 4498 dixit,
1228 4439 1342 4503 junonum
1355 4444 1489 4498 certamen,
1498 4435 1583 4483 arnonis

969 4519 1064 4584 sarpa,
1077 4529 1100 4569 ct
1112 4520 1203 4568 arcanis
1214 4519 1259 4568 fida
1270 4520 1379 4574 lucerna,
1391 4519 1452 4566 nale.

108 4233 191 4293 Quam
201 4229 279 4278 decuit
289 4228 367 4288 lusus,
378 4243 449 4292 quam
462 4243 568 4292 purpura
577 4241 670 4290 semper
682 4235 705 4272 et
719 4241 815 4280 aarum,

143 4317 197 4362 Prat
207 4327 254 4376 qua
265 4321 300 4360 sat
310 4310 388 4359 mollis
398 4327 445 4359 non
455 4310 500 4359 luit
508 4309 556 4375 ipsa
567 4313 662 4369 Venus,

112 4393 188 4443 laida
200 4391 347 4458 complector
359 4407 365 4440 :
380 4391 436 4440 ciris
448 4407 499 4456 φινκε
511 4390 610 4456 pulchra
620 4389 739 4441 Corinthi.

144 4476 243 4525 Pirenen
255 4475 326 4524 niteo
339 4490 439 4540 corpore
450 4475 505 4522 vicit
521 4489 600 4537 aquas.

111 4557 223 4606 Mortalis
235 4556 368 4622 Cytherea,
378 4555 456 4620 procis
470 4571 517 4603 non
529 4553 644 4619 Tyndaris
658 4571 723 4618 toque

142 4637 237 4688 floruit
249 4655 255 4687 :
267 4637 329 4687 haue
338 4638 417 4704 plures
427 4653 481 4686 nam
493 4635 583 4701 petiere
594 4634 651 4688 riri,
1164 4671 1220 4702 220·
1237 4669 1349 4702 mm
1363 4667 1490 4714 emm,

110 4721 198 4769 Dulcia
208 4729 332 4785 carpentes
341 4719 429 4768 uenalis
437 4719 521 4783 garrdia
532 4715 595 4766 lecti.

145 4805 211 4853 lliuc
222 4819 319 4853 croceus
328 4804 421 4852 tumulo
432 4818 496 4851 nunc
509 4816 602 4866 quoque
614 4800 687 4863 surgit
699 4801 763 4848 odor.

114 4887 248 4950 Uirguerrtis
259 4887 300 4935 sed
314 4896 338 4936 et
351 4887 400 4952 ipsa
412 4886 507 4933 madent
521 4882 677 4947 fragrantibus
689 4899 738 4931 ossa
816 4875 819 4882 ⁴
939 4872 1074 4920 Adveniens
1083 4873 1196 4938 Ephyren
1210 4889 1257 4937 qua
1272 4871 1318 4922 lert
1332 4873 1368 4921 ria
1382 4885 1454 4920 cerno
1466 4867 1633 4933 sepulchrum,

146 4971 176 5018 ttr
186 4967 267 5017 nitida
278 4967 369 5034 spirant
380 4981 427 5014 nou
441 4966 484 5014 nisi
497 4965 570 5014 thure
582 4977 663 5012 comae.
972 4955 1062 5002 Littera
1075 4955 1139 5019 quod
1151 4956 1233 5020 priscae
1244 4954 1327 5003 Laidos
1339 4969 1389 5002 esse
1397 4953 1480 5010 docet,

112 5053 191 5116 liujus
203 5051 262 5100 lassa
272 5066 342 5116 genas
352 5051 376 5098 in
388 5049 470 5098 sunere
481 5057 558 5097 mater
570 5051 685 5098 Amorum
939 5038 1054 5102 Flcusque
1066 5039 1179 5100 mlutari,
1189 5043 1271 5104 Teque
1280 5047 1319 5098 ut,
1330 5035 1504 5102 pulcherrima,
1519 5031 1582 5088 clini,

147 5133 261 5193 Adstitit,
274 5141 298 5181 et
308 5131 395 5196 gemitu
406 5140 502 5196 pectora
511 5145 607 5196 quassus
617 5131 700 5179 Amor.
973 5123 1022 5172 Nec
1033 5121 1103 5171 risam
1117 5123 1224 5184 miserer,
1237 5121 1310 5171 didita
1321 5120 1381 5169 lama
1395 5117 1458 5166 iacit.

114 5220 171 5265 nac
188 5215 232 5264 uisi
246 5215 291 5263 ευλι
304 5214 381 5280 pretio
391 5215 501 5280 patuisset
514 5213 621 5278 publica,
636 5221 723 5276 quanta
940 5205 1003 5254 Olim
1019 5213 1054 5254 tot
1065 5206 1177 5268 juvenum
1191 5204 1277 5253 torsisti
1290 5211 1399 5266 pectora:
1414 5197 1503 5246 Lethen

147 5304 181 5350 Ex
196 5300 286 5348 llelene
300 5298 387 5346 Danais
396 5296 452 5347 irinc
465 5308 514 5347 sato
529 5297 591 5346 bella
605 5296 691 5345 iurent.
977 5291 1046 5339 Nunc
1056 5290 1122 5349 colis,
1133 5297 1156 5336 et
1169 5297 1232 5337 terre
1243 5282 1336 5335 condita
1349 5283 1423 5332 iorma
1433 5291 1472 5330 trra
1486 5291 1530 5332 est.

1257 4761 1286 4809 de
1298 4759 1388 4810 eadem.
