4018 5938
703 435 984 502 ructuantis-..ut
1008 443 1210 504 unstrout.
1693 455 1751 516 xix·

153 569 207 626 Per
217 569 295 625 hunc
307 580 463 625 restaurata
474 580 502 624 et
518 569 671 643 insigniter
689 572 802 628 exculta
816 572 926 632 heroici
973 575 1179 637 Constantinus
1194 580 1466 658 Pnrphyrogeneta,
1489 597 1520 640 ut
1537 587 1680 659 ingentem
1696 611 1745 646 ve·

151 675 252 714 versus
267 656 422 730 elegantia,
447 656 486 713 ita
500 669 532 714 ut
556 670 659 733 praeter
674 659 840 718 varietatem
864 680 924 720 ma·
974 663 1043 718 teris
1057 663 1232 722 eruditionis
1245 671 1392 726 materiam
1409 671 1439 726 iu
1450 672 1652 748 compendium
1671 677 1746 734 redi·

147 743 243 822 jurem
256 744 329 800 nihil
344 744 403 801 lere
414 744 444 801 iu
454 744 517 819 ejus
528 745 755 803 conformatione
766 746 925 822 desideres,
974 763 1069 824 geret,
1085 770 1122 808 ex
1136 752 1303 827 historicis,
1317 757 1437 830 medicis
1445 801 1453 829 ‚
1470 761 1657 818 oeconomicis
1672 764 1748 822 aliis·

150 837 248 892 exorti
264 847 330 892 sunt
342 853 407 890 cum
426 833 456 890 in
472 832 589 890 heroico
597 843 724 910 poeseos
739 854 853 910 genere,
866 850 926 896 tum

152 923 184 980 in
205 923 272 981 aliis
288 921 454 990 nonnullis,
470 934 561 998 poetae
574 925 643 998 qui,
665 924 739 981 viam
759 923 855 982 Nonni
877 943 927 980 ve-

151 1012 249 1087 stigiis
260 1011 428 1087 impressam
448 1029 550 1084 magna
569 1031 634 1066 cum
655 1011 801 1070 alacritate
819 1012 926 1082 secuti,

151 1115 264 1158 veteres
304 1097 415 1156 fabulas
439 1098 515 1154 haud
555 1099 762 1156 contemnendo
795 1119 929 1158 successu

151 1200 338 1245 exornarent.
383 1184 416 1242 Et
433 1186 673 1263 epigrammatum
684 1205 800 1264 quoque
816 1200 927 1274 sffflm

151 1289 220 1359 post
230 1275 299 1334 Chr.
313 1275 448 1332 saeculum
461 1286 489 1330 et
497 1271 655 1332 Justiniani
665 1275 846 1352 potissimum
861 1289 928 1332 atas

152 1365 248 1420 laetum
260 1357 435 1440 proventum
450 1359 560 1418 habuit.
576 1365 639 1418 Hoc
653 1364 732 1419 enim
754 1381 817 1419 aevo
832 1361 929 1420 floruit

151 1456 302 1509 Marianus
314 1451 519 1518 Scholasticis,
536 1449 710 1524 elegantium
732 1451 844 1526 aliquot
864 1453 928 1527 epi-

151 1551 343 1614 grammatum
366 1550 482 1606 auctor;
504 1537 711 1606 Christoclorus,
734 1539 804 1614 qui,
826 1551 930 1614 praeter

150 1628 369 1705 epigrammata,
378 1637 537 1682 statuarum
548 1623 691 1702 Zeuxippi
700 1625 926 1702 descriptionem

152 1715 271 1791 reliquit
283 1712 401 1790 optimis
416 1710 550 1770 versibus
562 1713 762 1784 concinnatam
774 1733 781 1784 ;
798 1716 928 1768 Julianus

152 1803 325 1876 cognomine
346 1805 508 1876 AEgrptius,
531 1802 636 1856 Pandrs
659 1801 927 1878 deniqueSilentia·

152 1899 219 1960 rias,
236 1891 419 1946 Macedonicis
437 1886 554 1956 consul,
572 1889 712 1960 Agathios
732 1889 928 1948 Scholasticis.

151 1980 208 2047 Qui
223 1976 506 2054 omnesoptimarum
516 1987 664 2050 poetarum
678 1975 802 2033 lectione
811 1974 928 2046 imbuti,

153 2087 244 2144 equum
260 2085 290 2124 se
306 2065 341 2122 ad
355 2064 563 2140 epigrammata
583 2063 740 2121 scribenda
763 2063 927 2132 dedissent,

153 2175 249 2232 neque
264 2156 354 2212 ullum
370 2154 429 2211 sere
442 2166 641 2228 argumentum
657 2172 756 2210 eorum
770 2173 835 2230 quae
849 2167 927 2211 vete·

153 2264 201 2302 res
210 2243 345 2302 versibus
358 2253 529 2312 tractarunt,
542 2241 715 2299 intentatum
731 2240 927 2317 reliquissent,

152 2333 280 2409 plurima
291 2331 552 2402 concinnaverunt,
566 2349 630 2406 quae
646 2329 743 2387 saeculi
759 2329 840 2398 vitia,
852 2328 928 2403 opti·

152 2441 200 2478 ruo
220 2421 326 2496 cuique
343 2419 530 2488 inhaerentia,
548 2419 647 2475 multis
668 2415 826 2476 virtutibus
848 2437 926 2474 com·

151 2520 321 2584 pensarum.
347 2510 428 2563 Inter
454 2525 529 2582 quos
557 2505 702 2576 homines,
729 2524 788 2560 non
816 2505 928 2578 ingenii

151 2611 262 2655 tantum
276 2593 421 2669 elegantia
442 2605 470 2650 et
491 2593 670 2663 eruditione,
695 2592 745 2650 sed
763 2590 927 2650 honoribus

152 2702 269 2759 quoque
290 2693 319 2738 et
342 2681 410 2738 vitae
435 2679 590 2756 splendore
611 2681 759 2753 insignes,
784 2683 928 2736 onrmss

152 2770 327 2845 lllyrinaeus,
347 2765 385 2824 ab
397 2765 474 2842 juris
494 2766 591 2824 civilis
614 2766 824 2843 professionem
838 2766 925 2822 Scho-

152 2861 267 2913 lasticus
280 2854 390 2923 dictus,
401 2872 437 2910 ne
451 2853 514 2911 laeta
528 2853 578 2910 illa
590 2865 648 2910 tum
662 2853 708 2909 sui
722 2865 781 2909 tum
797 2853 929 2928 proxime

151 2942 347 3001 antecedentis
368 2941 466 2998 saculi
484 2941 584 2999 messis
603 2940 750 3010 interiret,
767 2959 829 2997 eam
845 2941 928 3016 quasi

151 3033 182 3088 in
196 3030 334 3088 horreum
356 3029 478 3100 inlerre,
493 3029 596 3102 idest,
610 3029 645 3087 ad
665 3029 802 3104 Meleagri
818 3029 929 3106 Philip-

152 3119 243 3196 pique
266 3119 409 3174 rationem
427 3119 622 3176 recentiorum
646 3129 795 3194 poetarum
818 3116 926 3174 llorile·

152 3209 231 3282 gium
245 3205 371 3264 condere
381 3206 518 3276 instituit,
529 3207 569 3264 ita
581 3219 686 3276 tanren,
700 3217 732 3261 ut
741 3223 855 3261 omnem
869 3223 927 3262 ma-

153 3295 255 3352 teriam
286 3293 443 3352 secundum
472 3307 706 3368 argumentorum
733 3291 927 3350 diversitatem

151 3385 182 3440 in
206 3384 306 3460 plures
326 3379 418 3438 libros
442 3379 595 3456 digereret.
620 3380 712 3449 Quam
731 3379 927 3437 collectionem

153 3469 261 3528 Κύκλου
292 3467 409 3524 nontine
433 3466 599 3544 inscripsit,
626 3467 714 3538 hanc,
742 3479 773 3524 ut
796 3465 923 3539 videtur,

151 3557 191 3615 ob
213 3575 344 3632 causam,
361 3556 440 3632 quod
454 3569 603 3633 poetarum
624 3555 661 3612 ab
678 3557 743 3632 ipso
758 3557 926 3632 compilato·

153 3667 217 3703 rum
244 3645 366 3704 nomina
386 3644 427 3701 ita
449 3643 661 3721 implicaretur,
689 3657 720 3700 ut
740 3663 770 3700 se
793 3656 927 3719 tanquam

151 3738 182 3793 in
194 3736 307 3812 κυκλικῇ
321 3733 414 3812 χορείᾳ
427 3731 528 3790 eodem
551 3751 665 3809 semper
686 3729 791 3788 ordine
805 3731 928 3808 excipe-

151 3835 227 3881 rent.
241 3821 304 3878 lloc
321 3821 493 3891 consilium,
509 3819 694 3896 capitumque
707 3818 736 3876 in
755 3839 818 3894 quae
837 3831 927 3876 totum

150 3931 226 3988 opus
245 3909 424 3987 descriptum
439 3920 499 3978 est,
515 3908 644 3964 etunius
666 3906 807 3982 cujusque
829 3907 928 3984 capitis

149 4010 354 4074 argumentum
393 3995 528 4071 Agatbias
555 3996 690 4072 exposuit
718 3995 749 4050 in
784 3995 928 4071 prcoemio

121 4115 125 4122 ·
148 4085 230 4162 quod
256 4085 375 4162 corpori
396 4103 413 4140 a
432 4101 463 4142 se
478 4081 615 4155 conflata,
640 4095 671 4139 ut
689 4081 832 4156 Meleager
857 4081 927 4138 clim

148 4189 177 4230 et
196 4173 352 4250 Philippus
366 4179 474 4228 coronis
487 4171 564 4240 suis,
579 4169 705 4248 praelixit
721 4169 766 4248 (*).

188 4263 286 4330 Ouum
299 4259 378 4336 jatn,
395 4271 497 4336 praeter
512 4257 652 4316 Stratonis
673 4270 701 4316 et
715 4257 853 4331 Diogenis
868 4256 927 4313 col·

148 4349 309 4419 lectiones,
326 4347 381 4404 tria
396 4359 541 4404 exstarent
554 4347 793 4422 epigrammatum
810 4343 928 4403 Florile-

148 4439 214 4512 gia‚
228 4435 464 4512 antiquissimum
478 4447 570 4512 poetae
580 4434 725 4491 Gadareni
735 4478 742 4504 ,
753 4445 780 4490 ct
789 4431 847 4489 dtro
859 4431 927 4506 alia,

149 4525 239 4602 hujus
254 4537 392 4600 tanquam
415 4522 630 4599 supplementa,
650 4521 781 4598 Philippi
802 4533 831 4577 et
855 4521 929 4594 Aga-

149 4613 236 4689 thiae,
252 4612 340 4670 tertio
353 4623 421 4690 post
432 4609 581 4686 hgathiam
595 4611 716 4681 saeculo,
727 4629 785 4685 qno
800 4620 928 4684 tempore

178 4762 213 4825 (*)
236 4757 373 4822 [addenda
385 4761 424 4808 est
442 4757 563 4808 Pallada
582 4759 621 4808 rel
634 4756 753 4808 Palladit
770 4755 927 4819 epigramma·

146 4835 202 4882 tum
213 4829 328 4880 collectio
337 4867 343 4886 .
352 4829 383 4878 de
393 4841 443 4892 qua
456 4829 513 4878 side
522 4829 659 4878 Heclrerum
672 4827 704 4876 ad
717 4840 769 4890 cap.
786 4828 843 4886 vlt,
853 4823 927 4888 epigr.

148 4905 204 4960 339,
214 4899 280 4950 inira
294 4911 319 4961 p.
330 4902 385 4948 458.
398 4899 477 4948 Etiam
487 4897 609 4946 Leonida
620 4897 792 4948 nimands-int
806 4897 929 4957 ἰσοψήνων

147 4973 174 5019 et
187 4968 326 5019 it't'codcmt
344 4969 503 5018 Heracleote
513 4967 711 5030 ἀντιστρεφόντων
720 4967 874 5017 collectiones
887 4980 929 5016 es-

148 5037 241 5088 stitisse
255 5037 386 5098 videntur,
399 5037 430 5086 de
443 5037 533 5099 quibus
549 5035 676 5098 Woigand.
689 5051 713 5099 p.
728 5041 781 5094 aba,
793 5041 847 5084 scu.
860 5034 929 5086 Idem

148 5107 180 5157 de
192 5109 313 5172 Gregorii
323 5109 446 5170 Magistri
462 5105 648 5169 inscriptionum
662 5119 676 5155 a
691 5119 718 5155 se
734 5105 818 5156 multis
832 5107 855 5156 in
868 5104 929 5156 locis

149 5181 304 5240 repertarum
312 5177 454 5228 collectione
471 5176 535 5226 dixit
551 5189 575 5239 p.
596 5179 650 5237 aut,
666 5189 721 5226 cum
736 5177 844 5226 Heriem
856 5175 928 5226 Com-

149 5255 225 5302 ment.
238 5251 294 5302 crit.
311 5252 330 5311 Ι,
345 5263 367 5312 p.
384 5248 520 5312 itemqu]

975 857 1032 913 que
1065 840 1257 917 scriptoribus
1295 859 1429 922 excerpta
1467 845 1596 904 facienda
1628 868 1748 926 eamque

974 927 1318 1010 larraginmtrsecurrdum
1333 947 1566 1008 argumentorum
1579 936 1746 994 varietatem

974 1016 1005 1073 in
1031 1018 1125 1094 capita
1153 1018 1339 1092 redigendam
1368 1021 1504 1092 curabat,
1529 1023 1603 1082 alius
1629 1025 1747 1100 quidam

973 1103 1189 1164 Corsrmrmcs
1205 1109 1385 1190 cognomine
1393 1109 1554 1190 Cerasus,
1573 1115 1688 1186 ignotus
1703 1134 1748 1172 ce-

975 1187 1229 1270 teroqtrirshcmo,
1248 1183 1336 1252 simili
1361 1185 1485 1272 quodam
1502 1201 1625 1258 consilio
1650 1215 1747 1260 vetera

974 1279 1024 1336 illa
1049 1279 1203 1356 Florilegia
1224 1282 1406 1360 compilando
1425 1297 1454 1342 et
1474 1303 1510 1343 ex
1530 1287 1746 1363 epigrammatis

976 1365 1044 1422 inde
1058 1367 1172 1426 selectis
1187 1387 1296 1426 novum
1306 1359 1483 1446 syntagma,
1504 1372 1539 1430 ad
1556 1374 1699 1448 tlgathiae,
1716 1390 1747 1434 ut

974 1453 1097 1524 ridetur,
1114 1455 1278 1532 exemplum
1295 1457 1326 1513 in
1343 1457 1427 1534 plura
1441 1459 1536 1535 capita
1549 1457 1744 1538 descriptum,

975 1543 1158 1600 condendum
1170 1555 1199 1600 et
1210 1544 1443 1602 concinnandum
1456 1547 1594 1623 suscepit.
1610 1547 1679 1606 Post
1692 1549 1747 1608 hoc

975 1649 1048 1705 opus
1071 1631 1247 1688 vetustiores
1269 1631 1451 1706 Antliologiae
1472 1647 1671 1708 evanuerunt,
1695 1655 1747 1693 nec

975 1717 1096 1774 multum
1112 1716 1211 1774 aberat
1225 1717 1297 1793 quin
1312 1717 1493 1776 Constantini
1513 1739 1630 1796 quoque
1650 1720 1748 1792 Flori-

974 1803 1080 1878 legium
1107 1803 1181 1862 idem
1207 1805 1294 1862 latrum
1317 1805 1444 1876 subiret,
1467 1817 1621 1882 postquam
1643 1808 1747 1876 seculo

974 1889 1086 1972 decimo
1105 1903 1207 1968 quarto
1227 1889 1362 1948 blaxiuus
1376 1891 1545 1962 Personas,
1561 1891 1648 1948 homo
1663 1893 1748 1951 indu·

975 1977 1063 2034 strias
1077 1996 1170 2053 neque
1184 1977 1336 2052 indoctus,
1351 1978 1531 2037 Constantini
1546 1980 1748 2055 Anthologiam

975 2065 1075 2125 denuo.
1085 2065 1293 2142 compilaverat
1309 2066 1339 2124 in
1354 2066 1500 2143 aliumque
1514 2068 1645 2126 ordinem
1665 2069 1748 2126 rede-

975 2165 1063 2228 gerat.
1089 2155 1183 2226 Quum
1207 2155 1285 2210 enim
1313 2155 1518 2213 Constantinus
1539 2176 1652 2214 omnem
1679 2158 1748 2234 epi-

975 2255 1163 2316 grammatum
1175 2259 1327 2298 numerum
1339 2241 1496 2300 secundum
1511 2256 1745 2317 argumentorum

974 2329 1114 2384 rationem
1138 2327 1168 2383 in
1190 2328 1334 2401 generalia
1348 2327 1478 2404 quaedam
1499 2329 1592 2406 capita
1607 2329 1744 2404 digessis-

974 2427 1036 2486 set,
1050 2416 1089 2472 ita
1101 2427 1132 2472 ut
1145 2418 1338 2487 dedicatoria,
1353 2423 1492 2488 satyrica,
1513 2426 1669 2488 anactoria,
1686 2439 1749 2475 ron·

977 2507 1080 2560 vitiatio
1114 2516 1266 2579 ceteraque
1301 2503 1424 2580 junctim
1457 2505 1634 2579 legerentur,
1667 2508 1748 2564 nullo

974 2605 1112 2669 praeterea
1125 2590 1184 2649 alio
1198 2591 1365 2648 discrimine
1380 2591 1542 2659 ;lllaximus
1560 2593 1703 2652 Planudes
1721 2609 1749 2652 et

975 2679 1117 2738 librorum
1133 2679 1265 2736 ordinem
1279 2680 1445 2736 immutavit
1458 2693 1488 2736 et
1502 2681 1633 2754 singulos
1655 2681 1748 2740 libros

975 2769 1005 2825 in
1028 2768 1156 2847 plurima
1175 2767 1269 2844 capita
1290 2767 1459 2844 discerpsit,
1477 2779 1598 2846 excepto
1623 2770 1747 2846 septimo

974 2855 1025 2931 qui
1051 2863 1189 2912 amatoria
1217 2857 1411 2933 complectens
1435 2854 1669 2918 distributionem
1697 2878 1749 2934 per

975 2943 1054 3002 locos
1070 2963 1236 3002 communes
1256 2945 1351 3001 minus
1380 2941 1499 3000 larebat.
1525 2941 1658 3001 Ceterum
1680 2944 1747 3002 Pla·
1822 2999 1827 3010 ,

975 3029 1066 3088 nudes
1087 3031 1119 3087 in
1143 3029 1199 3087 hoc
1221 3049 1309 3108 opere
1331 3029 1409 3108 quod
1434 3027 1597 3106 Ἀνθολογίαν
1619 3030 1748 3110 διαφόρων

974 3117 1182 3195 ἐπιγραμμάτων
1200 3118 1367 3195 inscripsit,
1385 3117 1457 3174 nihil
1476 3117 1556 3176 aliud
1570 3121 1628 3193 egit
1640 3120 1696 3176 nisi
1718 3133 1749 3178 ut

974 3205 1156 3266 Constantini
1170 3219 1321 3283 syntagma
1333 3208 1363 3263 in
1374 3206 1578 3281 compendium
1593 3206 1745 3280 redigeret.

975 3293 1017 3350 Ex
1031 3294 1088 3351 alio
1106 3295 1183 3352 enim
1203 3294 1280 3352 fonte
1299 3313 1357 3351 uon
1370 3292 1489 3362 bausit,
1506 3291 1563 3350 nisi
1578 3291 1655 3368 quod
1671 3291 1748 3349 libro

974 3395 1078 3457 quarto
1093 3381 1235 3459 plurimas
1249 3380 1335 3438 hahet
1345 3382 1376 3437 in
1388 3392 1506 3450 statuas,
1520 3376 1632 3434 tabulas
1643 3378 1746 3454 pictas,

975 3467 1089 3543 aliaque
1118 3469 1187 3525 artis
1213 3487 1320 3544 opera,
1343 3486 1468 3543 quorum
1498 3470 1530 3523 in
1565 3463 1747 3522 Constantini

976 3574 1082 3632 opere,
1099 3555 1184 3632 quale
1201 3554 1257 3612 hoc
1276 3557 1309 3614 in
1325 3554 1465 3612 Palatinis
1487 3549 1665 3609 membranis
1687 3569 1748 3608 ser-

975 3656 1073 3700 vatum
1091 3643 1247 3714 habemus,
1270 3644 1382 3700 nullum
1401 3654 1444 3699 est
1467 3639 1619 3713 vestigium
1641 3659 1647 3693 :
1672 3638 1749 3694 unde

974 3723 1748 3808 suspicamurPlanudemilliushnthologiaehabuisse

973 3819 1136 3894 exemplum
1151 3838 1210 3875 uno
1231 3817 1287 3874 hoc
1301 3815 1337 3872 de
1350 3817 1420 3872 artis
1434 3812 1573 3892 operibus
1587 3813 1681 3890 capite
1702 3833 1750 3870 au·

974 3908 1048 3964 etius
1063 3909 1111 3984 Γ).
1130 3905 1262 3962 Ceterum
1284 3922 1417 3977 magnum
1438 3902 1675 3979 epigrammatum
1695 3921 1748 3958 nu·

976 4013 1088 4052 inerunt
1104 3993 1222 4063 omisit,
1236 3991 1409 4067 etquidem,
1425 4002 1529 4066 praeter
1534 3991 1672 4064 puerilem
1684 3992 1748 4044 Μιν-

974 4103 1033 4138 sam
1064 4081 1223 4150 Stratonis,
1249 4079 1347 4138 omnia
1373 4097 1437 4154 quae
1462 4075 1626 4134 lascivioris
1652 4089 1746 4132 essent

975 4167 1152 4244 argumenti,
1180 4181 1239 4224 tunt
1265 4185 1328 4241 quae
1359 4163 1398 4221 ob
1422 4167 1571 4238 graviores
1599 4161 1746 4236 scripturae

975 4255 1196 4332 depravationes
1220 4251 1296 4310 lraud
1319 4252 1402 4309 lacile
1423 4261 1541 4328 possent
1562 4247 1694 4323 intelligi.
1715 4247 1746 4304 Si

975 4341 1046 4416 quid
1060 4352 1154 4397 autem
1175 4338 1222 4396 vel
1237 4357 1274 4394 ex
1292 4335 1348 4395 hoc
1362 4338 1408 4394 vel
1429 4355 1465 4392 ex
1487 4335 1576 4392 altero
1591 4351 1695 4407 genere
1717 4334 1747 4390 in

974 4424 1107 4485 'ordinem
1122 4427 1246 4503 recepit,
1256 4426 1287 4482 in
1298 4425 1343 4482 his
1354 4421 1526 4498 plerumque
1537 4419 1628 4478 verba
1641 4419 1748 4478 lasciva

975 4531 1003 4574 et
1017 4515 1141 4573 obscena
1157 4534 1221 4572 cum
1236 4511 1411 4570 castioribus
1428 4508 1633 4579 commutavit,
1650 4507 1679 4563 in
1696 4505 1747 4563 de-

974 4603 1104 4683 pravatis
1121 4615 1215 4660 autem
1239 4599 1329 4658 verba
1350 4609 1488 4674 corrupta
1513 4609 1561 4654 aut
1582 4595 1680 4652 omisit
1701 4607 1749 4652 aut

996 4713 1029 4750 rc
1056 4691 1137 4748 virili
1168 4709 1219 4748 sua
1249 4699 1332 4766 parte
1363 4685 1516 4744 emendare
1542 4695 1660 4740 conatus
1694 4695 1744 4740 est.

974 4779 1070 4849 Quom
1093 4791 1186 4835 arrtem
1210 4789 1343 4833 neutrum
1367 4772 1471 4830 horum
1495 4769 1608 4828 alsatis
1628 4769 1749 4826 feliciter

1007 4964 1039 5027 (*)
1058 4963 1117 5027 [Sui
1133 4961 1220 5012 umilis
1239 4957 1380 5010 Harduinus
1395 4958 1420 5007 in
1437 4957 1475 5006 his
1497 4969 1553 5018 quac
1568 4953 1687 5003 Buherius
1705 4967 1750 5002 suo

974 5034 1083 5095 exemplo
1097 5029 1225 5093 adscripsit
1240 5044 1248 5080 ε
1265 5048 1276 5071 «
1291 5027 1423 5078 Planudem
1436 5023 1587 5086 Antltologiac
1603 5036 1651 5072 non
1663 5036 1748 5084 repur-

975 5107 1083 5168 gatorcm
1095 5103 1189 5151 tantum
1199 5139 1205 5162 ,
1216 5101 1246 5149 ut
1259 5099 1332 5162 uulgo
1349 5100 1451 5162 putant,
1469 5095 1512 5144 sed
1526 5093 1608 5142 serios
1623 5096 1750 5140 auctorem

976 5173 1091 5223 credebat
1108 5173 1147 5221 lo.
1163 5169 1317 5231 harduinus,
1333 5171 1386 5218 Soc.
1400 5169 1449 5216 les.
1469 5163 1531 5214 Vide
1550 5161 1602 5224 ejus
1617 5165 1688 5224 Opes.
1707 5165 1748 5210 Se-

976 5245 1030 5294 lcct.
1047 5257 1070 5305 p.
1085 5246 1139 5292 lul.
1152 5241 1181 5303 a]
