3962 5936
797 465 975 548 CAPUT
1013 470 1085 548 vt.

330 701 720 786 ΕΠΙΓΡΑΜΜΑΤΑ

254 883 786 1018 assentiemus.

460 1866 518 1922 καθ’
533 1863 702 1938 Ἑλλάδος,ἥ
719 1872 778 1926 ποτ’
795 1869 910 1946 ἐραστῶν

445 1977 463 2017 ις
474 1948 539 2020 Λαῒς
553 1955 648 2032 ἔχουσα
661 1956 734 2026 νέων,

446 2063 489 2098 ιον·
503 2042 559 2100 ἐπεὶ
573 2043 631 2110 τοίη
645 2041 691 2117 μὲν
705 2047 813 2121 ὁρᾶσθαι

444 2119 464 2197 ἦν
476 2128 556 2208 πόρος
571 2129 599 2186 οὗ
612 2127 735 2204 δύναμαι.

445 2267 660 2330 ΣΙΜΩΝΙΔΟΥ.
719 2307 723 2320 .

447 2399 603 2472 πεπαυμένα
619 2398 785 2478 δακρυόεντος

436 2508 473 2542 τοι
486 2487 640 2566 ὓπόῤῥόρια,

434 2595 450 2630 α
468 2572 536 2630 κατὰ
551 2573 641 2632 κλόνον
654 2577 681 2630 ἐν
693 2571 737 2632 δαῒ
752 2579 843 2653 φωτῶν

428 2684 462 2718 ων
477 2660 572 2736 αἵματι
583 2662 744 2738 λουσάμενα.

440 2801 658 2862 ΔΙΟΝΥΣΙΟΥ.

427 2963 432 2995 r
446 2939 598 3004 πολύλλςθον
612 2939 637 3005 ὅς
651 2963 680 2998 τε
696 2939 741 2997 καὶ
756 2937 840 3010 Οἴτην

429 3047 461 3083 ου
475 3030 567 3104 πρῶνα
581 3035 670 3089 πατεῖς
684 3029 803 3101 Φολόης,

433 3114 562 3180 Διονύσιος
577 3113 650 3179 αὐτὸς
663 3113 749 3183 ἐλαίης

433 3199 480 3280 κ’νῳ
494 3205 555 3272 (τῆκε
570 3200 662 3277 ταμὼν
678 3201 802 3280 ῥόπαλον.

450 3344 649 3402 ambitor.

435 3505 465 3552 ιν,
482 3482 525 3540 καὶ
540 3482 653 3562 δούρατα
668 3481 853 3561 δουλιχόεντα,

436 3571 583 3648 λχθυδόκους
595 3569 733 3650 σπυρίδας,

449 3661 489 3716 ἐπ’
503 3659 589 3735 ἰχθύσι
600 3655 774 3738 τεχνασθέντα

200 3810 205 3827 Ι
434 3769 473 3802 νον
487 3745 583 3825 εὕρεμα
596 3744 761 3817 δικτυόολων,

121 3837 227 3915 τρηχύν
243 3857 274 3892 τε
287 3833 441 3912 τριόδοντα,
453 3835 644 3894 Ποσειδαώνιον
659 3833 749 3910 ἔγχος,

161 3924 212 3983 καὶ
228 3921 292 3988 τοὺς
309 3920 335 3988 ἐξ
350 3921 452 3978 ἀκάτων
467 3921 611 4000 διχθαδίους
625 3921 728 4000 ε’ρότοις,

120 4017 135 4069 ὁ
150 4008 269 4092 γριπεὺς
281 4007 425 4089 Διόφαντος
439 4011 562 4088 deinceps
576 4009 674 4079 θήκατο
686 4009 794 4089 τέχνας,

161 4103 199 4166 ὡς
216 4098 311 4174 θέμις,
328 4097 440 4175 ἀρχαίας
454 4097 564 4177 λείψανα
578 4097 740 4176 τεχνοσύνος.
754 4115 771 4152 ο

1102 677 1105 686 ’
1181 718 1511 798 neronianam

1114 931 1577 1029 Deultatonll.

1282 1171 1406 1192 *⁴0*-

1326 1389 1360 1438 t*.

443 1492 547 1565 τελετὴν
561 1493 727 1573 πολύμορφον
748 1483 853 1576 ’liugos
957 1517 1026 1566 Unus
1038 1485 1100 1580 lapis
1115 1517 1194 1568 radiat
1209 1531 1307 1569 mmum
1321 1521 1472 1572 multiforme
1484 1523 1565 1574 Iacchi

439 1581 551 1660 1’ῦῑκθρὸν
564 1583 722 1660 eautmpao
734 1583 867 1663 Ἐρώτων·
955 1609 980 1656 et
990 1607 1110 1658 elatorum
1120 1609 1309 1660 vindemiantem
1323 1609 1426 1662 eborum
1439 1616 1513 1678 supra
1524 1623 1650 1666 amorum.

361 1653 381 1796 ό
442 1720 656 1785 belmunt.

1248 1749 1269 1793 t.
1287 1745 1444 1794 tuatonis,

956 1881 1017 1936 Quae
1027 1879 1157 1942 superbum
1171 1881 1248 1932 irrisit
1256 1882 1373 1934 Graeciam
1383 1923 1389 1944 ‚
1399 1883 1521 1948 qaae‘otim
1534 1889 1670 1937 amatorum

987 1979 1087 2016 examen
1098 1969 1218 2030 juvenum
1230 1969 1254 2032 in
1270 1971 1395 2022 restibulis
1408 1973 1540 2036 habebam,
1557 1976 1625 2035 Lais,

956 2055 1733 2127 Paphiaelrocspeculumdedico:quietalieutsummespectare

986 2144 1055 2202 nol03
1066 2145 1145 2206 qualis
1158 2148 1239 2195 autem
1253 2159 1319 2196 eram
1333 2153 1401 2205 ante.
1416 2163 1463 2198 non
1478 2164 1585 2212 possum.

929 2287 933 2343 ι
1239 2263 1260 2336 a'.
1281 2287 1445 2338 snrouuns.

956 2407 1014 2457 leta
1025 2406 1079 2456 haec
1091 2407 1183 2458 abella
1197 2409 1297 2460 dimissa
1309 2411 1435 2461 lacrimoso

987 2494 1077 2544 luade
1087 2495 1202 2544 Minerva
1213 2501 1396 2559 suspensa-sunt
1409 2497 1546 2560 sub-tecto,

957 2595 1021 2644 sepe
1030 2621 1036 2640 ‚
1045 2585 1182 2646 gementem
1192 2597 1236 2648 per
1249 2585 1385 2634 tumultum
1400 2585 1425 2634 in
1438 2599 1519 2650 pugna
1533 2587 1655 2648 uirorum,

987 2673 1117 2720 Persarum
1133 2671 1284 2734 equestrium
1297 2673 1413 2734 sanguine
1427 2674 1483 2724 lota.

1246 2817 1270 2862 3.
1288 2814 1436 2864 Dtortt'stt.

957 2953 1087 3014 Hercules,
1101 2953 1244 3003 Trachinem
1257 2953 1390 3016 lapidosam
1402 2955 1444 3018 qui
1457 2957 1481 3005 et
1495 2958 1578 3006 OEtam

988 3045 1013 3093 et
1025 3043 1127 3093 densum
1138 3043 1232 3092 silvosae
1242 3043 1433 3105 promontorium
1447 3044 1524 3094 calcas
1538 3045 1655 3106 Pholoes,

957 3131 1019 3181 banc
1031 3131 1076 3182 tibi
1090 3144 1121 3180 ea
1135 3130 1223 3194 agresti
1235 3131 1363 3194 Dionysius
1374 3131 1426 3193 lpse
1435 3133 1488 3182 olea

930 3207 934 3318 ρ
988 3219 1091 3272 uiridem
1101 3219 1163 3268 ialce
1175 3218 1300 3268 demetens
1315 3219 1394 3280 posuit
1407 3219 1508 3268 clavam.

931 3325 934 3398 l
1247 3351 1271 3397 a.
1288 3317 1439 3397 leonine.

959 3479 1048 3526 llemos
1062 3476 1261 3532 bene-curvatos,
1276 3475 1300 3522 et
1315 3477 1399 3522 contos
1415 3473 1512 3534 longos,

989 3565 1125 3624 saliacum,
1139 3567 1164 3612 et
1179 3561 1441 3625 piscibus-recipiendis
1456 3565 1562 3624 sportas,

931 3633 935 3726 1
959 3658 983 3704 et
992 3653 1054 3703 bane
1065 3653 1176 3702 natantes
1188 3649 1220 3698 ad
1233 3649 1312 3712 pisces
1324 3648 1463 3710 capiendos
1477 3649 1633 3712 excogitatam

989 3754 1098 3799 erassem,
1114 3736 1371 3800 mareparuagantium
1381 3737 1504 3786 laurentum
1515 3737 1679 3798 sellariorum,

958 3828 1097 3890 durumque
1110 3825 1249 3885 tridentem,
1266 3823 1413 3886 Neptunium
1428 3824 1518 3884 telum,

989 3923 1014 3969 et
1026 3917 1071 3968 laos
1085 3931 1099 3966 e
1112 3914 1235 3966 celocibus
1249 3913 1320 3962 binos
1331 3913 1432 3976 remiges
1446 3915 1559 3975 (remos),

957 4007 1062 4072 piscator
1073 4002 1225 4068 Diophantus
1237 4001 1333 4050 domino
1345 4000 1426 4063 posuit
1439 4001 1512 4062 artis,

930 4087 935 4152 l
990 4097 1019 4146 ut
1029 4107 1072 4158 par
1081 4095 1139 4142 erat
1147 4128 1156 4152 ,
1165 4090 1256 4140 veiens
1267 4089 1381 4152 reliquias
1390 4088 1494 4148 artificii.

649 4269 1032 4289 Μ

250 4447 440 4516 HUGONlS
464 4448 604 4518 Guotlt
636 4446 795 4515 VERSlO.

331 4636 353 4668 ι.
374 4637 503 4680 retroacta,
524 4619 607 4668 Laidis
624 4622 725 4672 tremine.

116 4744 186 4789 Ante
202 4736 278 4785 iores
290 4732 363 4781 babni
377 4750 428 4798 quae
440 4735 527 4797 grande
538 4749 637 4782 examen
648 4743 768 4784 amantum

153 4826 223 4872 Cum
236 4815 303 4865 mihi
317 4815 443 4880 magnificae
452 4815 542 4866 Graecia
554 4815 699 4876 tardauerat,

116 4909 174 4954 Hoc
190 4902 243 4951 tiln
258 4898 341 4962 mitto,
355 4901 452 4958 Venus,
466 4898 597 4963 speculum.
611 4901 651 4946 Me
663 4915 761 4948 cernere
776 4899 841 4958 nolo,

151 4989 219 5035 Sum
235 4979 328 5047 qualis,
341 4981 435 5045 qtrarado
445 4996 492 5030 non
507 4996 583 5046 queo,
596 4981 671 5046 qttalis
680 4997 754 5030 crana.

456 5115 479 5147 2.
496 5113 629 5148 Slssvlth.

116 5216 180 5264 ilaec
201 5216 340 5276 postquam
351 5221 438 5254 saertnn
450 5207 590 5271 requierunt
603 5206 693 5271 spicula
707 5209 807 5255 Martem

152 5289 277 5344 Pulcher
290 5287 393 5338 Palladia
406 5297 483 5336 seruat
494 5287 517 5336 in
533 5289 581 5337 aede
595 5287 683 5348 tholus,

961 4421 1020 4480 Quae
1031 4415 1109 4481 prius,
1122 4413 1225 4464 adversm
1233 4427 1288 4460 cum
1299 4385 1420 4460 certauere
1430 4411 1568 4476 phalanges,
1587 4483 1590 4488 ,

992 4504 1057 4565 Saepe
1070 4513 1112 4546 suo
1124 4495 1196 4544 tinxit
1206 4494 1318 4559 sanguine
1330 4494 1414 4542 ltledus
1425 4511 1506 4560 eques.

1265 4611 1289 4658 4.
1313 4617 1435 4652 unsrun.

959 4711 1008 4756 ilas
1018 4715 1089 4766 aetas,
1100 4702 1150 4754 haec
1166 4717 1240 4752 curva
1253 4702 1323 4752 simul
1335 4719 1388 4750 cum
1400 4702 1512 4752 corbibus
1525 4719 1584 4760 era,

994 4794 1046 4838 lloe
1062 4789 1152 4838 terrum
1165 4787 1252 4852 dequo
1265 4785 1364 4835 vulnera
1377 4785 1447 4850 piscis
1459 4784 1547 4846 babet;

961 4875 990 4922 Et
1000 4886 1072 4934 genus
1083 4883 1220 4934 aequoreum
1234 4868 1383 4916 claudentem
1396 4867 1483 4917 uimine
1495 4883 1584 4916 naseam
1594 4905 1602 4930 ‚

993 4953 1100 5004 Errantis
1111 4953 1194 5018 pelago
1204 4951 1284 5000 nobile
1294 4951 1370 5016 gentis
1381 4967 1454 5016 opns;

960 5042 1076 5086 Praeterea
1088 5033 1202 5094 validum,
1212 5032 1318 5098 Neptuni
1330 5041 1437 5097 sceptra,
1450 5033 1591 5093 tridentem,

993 5123 1023 5168 Et
1034 5133 1111 5166 remos
1123 5116 1231 5182 cyanbam
1242 5117 1283 5180 qui
1295 5131 1395 5181 rapuere
1407 5117 1464 5164 datos
1480 5131 1486 5163 τ

962 5207 1018 5250 llaec
1032 5202 1174 5266 piscatorum
1186 5199 1283 5248 domino
1300 5198 1459 5264 Diophantus,
1469 5209 1495 5246 ut
1508 5209 1541 5246 est
1556 5198 1604 5258 las,

994 5283 1105 5339 Dedicat,
1119 5281 1169 5331 llaec
1181 5281 1238 5330 artis
1251 5280 1314 5344 signa
1329 5279 1414 5346 prioris
1427 5289 1505 5330 erunt.

920 5376 974 5433 155
