4018 5938
681 483 781 574 πλευ
803 483 955 544 uuum
976 482 1118 544 comus
1138 459 1226 574 rm.
1679 482 1730 560 ην·

179 615 353 706 Jacohsii‚
369 615 470 708 cujus
482 617 619 712 primus
639 629 758 686 tomus
777 616 1009 712 Lipsiae1794
1028 628 1081 686 est
1100 615 1302 711 impressus.
1317 619 1460 710 Loquar
1472 614 1592 709 itaque
1613 614 1732 709 primo

179 739 225 809 da
241 752 394 834 quatuor
413 737 507 808 soliis
528 737 695 834 praefixis,
710 762 784 816 non
806 737 1011 808 numeratis.
1027 742 1068 807 ln
1089 762 1243 833 quorum
1268 739 1399 834 primo,
1426 752 1529 822 rectu,
1553 737 1733 807 inuenitur

179 861 300 932 tabula
325 862 434 932 totius
466 851 607 932 Codicis
635 875 840 955 argumenta
867 861 1075 948 continens,
1102 861 1275 957 scriptura
1302 885 1379 932 saec.
1401 861 1542 932 circiter
1567 859 1730 930 decimi:

180 1009 288 1082 quam
302 983 459 1055 tabulam
478 983 551 1056 huc
578 983 790 1072 adscribam,
808 983 907 1080 quod
929 1008 950 1052 a
973 983 1140 1054 Brunckii
1154 983 1363 1080 apographo
1390 985 1427 1054 in
1454 983 1628 1054 Analectis
1651 984 1732 1080 (Ar-

180 1111 354 1206 gentorati
372 1107 476 1206 1776.
496 1107 545 1205 8),
562 1124 650 1180 tom.
668 1114 696 1197 1,
712 1107 846 1206 praesat.
863 1131 944 1205 pag.
961 1109 1009 1176 IX
1023 1129 1112 1200 seq„
1123 1106 1161 1176 in
1180 1105 1358 1203 plerisque
1371 1105 1494 1178 differt
1515 1135 1522 1178 :
1544 1122 1596 1179 est
1613 1123 1732 1178 autem

180 1235 217 1304 in
236 1233 362 1304 codice
374 1233 581 1328 hujusmodi
600 1262 607 1304 :

302 1351 385 1426 Τάδε
397 1360 510 1425 ἔνεστιν
525 1361 555 1425 ἐν
569 1350 645 1452 τῇδε
658 1370 697 1452 τῇ
714 1357 764 1448 (ι)
782 1353 878 1444 βίῦλῳ
893 1365 954 1424 τῶν
971 1357 1221 1450 ἐπιγραμμάτων·

229 1495 270 1550 Δ.
298 1483 409 1548 Νόννου
425 1492 549 1556 ποιητοῦ
563 1481 764 1550 Παναπολίτου
780 1484 921 1574 ἕκφρασις
937 1491 989 1547 τοῦ
1004 1477 1082 1546 κατὰ
1098 1475 1225 1554 ίωοίννην
1240 1481 1326 1572 ἁγίου
1340 1480 1522 1574 εὐαγγελίου.

229 1618 264 1672 Β.
296 1609 414 1673 Παύλου
435 1615 579 1689 ποιητοῦ,
598 1603 800 1694 σελαντιαρίου
815 1603 879 1696 (ε),
892 1605 955 1670 υἱοῦ
977 1607 1091 1697 Κύρου,
1106 1603 1245 1695 ἕκρρασις
1266 1602 1307 1680 είς
1329 1607 1383 1678 τὴν
1408 1605 1541 1698 μεγοίλην
1556 1605 1731 1690 ἐκκλησίαν,

181 1730 237 1802 ἥτε
254 1725 305 1820 (3)
320 1733 374 1803 τὴν
389 1725 476 1820 ἁγίαν
491 1726 610 1818 Σοφίαν.
1329 1731 1333 1738 ’

232 1865 265 1921 Γ.
298 1849 448 1944 Συλλογαί
476 1847 714 1943 ἐπιγραμμάτων
728 1857 948 1940 Χριστιανικῶν
973 1849 1014 1927 είς
1041 1875 1073 1916 τε
1103 1852 1206 1934 ναοὺς,
1229 1849 1279 1916 καί
1304 1851 1435 1932 εικόνας,
1460 1851 1511 1916 καὶ
1540 1851 1579 1928 είς
1608 1845 1736 1944 διάφορα

183 1977 384 2068 ἀναθήματα·

234 2117 267 2174 Δ.
295 2093 504 2195 Χριστοῦώρου
517 2107 655 2182 ποιητοῦ,
666 2092 810 2184 Θηῶαίου,
821 2099 960 2190 ἕκρρασις
970 2107 1030 2164 τῶν
1039 2099 1310 2191 οίγαλριοίτων,τῶν
1318 2098 1357 2176 εἰς
1365 2098 1400 2166 τὸ
1411 2092 1734 2192 δημόσιονγυμνοίσιον,

183 2238 239 2294 τοῦ
254 2227 484 2318 ἐπικαλουμένου
500 2223 677 2307 Ζευξίππου.

233 2365 271 2419 E.
299 2349 477 2443 Μελεάγρου
490 2359 633 2434 ποιητοῦ,
647 2344 863 2430 Παλαιστίνου,
877 2345 1019 2434 στέφανος
1033 2337 1179 2438 διαφόρων
1195 2345 1443 2440 ἐπιγραμμάτων.

233 2501 264 2552 ς.
296 2473 450 2540 Φιλίππου
462 2481 607 2554 ποιητοῦ,
623 2471 879 2554 Θεσσαλονικέως,
891 2469 1032 2556 στέφανος
1041 2467 1149 2557 ὁμοίως
1163 2458 1311 2558 διαφόρων
1325 2462 1375 2557 (Δ)
1391 2467 1636 2561 ἐπιγραμμάτων.

234 2610 270 2666 Ζ.
298 2594 432 2692 Ᾰγαθίου
448 2603 664 2687 σγολαστικοῦ,
677 2588 804 2659 Ᾰσιανοῦ
817 2593 987 2686 Μυρηναιου
997 2587 1059 2684 (5),
1071 2597 1201 2686 συλλογὴ
1218 2594 1290 2658 νέων
1301 2591 1552 2686 ἐπιγραμμάτων,
1563 2597 1738 2665 ἐκτεθέντων

185 2727 217 2789 ἐν
232 2721 548 2790 Κωνσταντινουπόλει
558 2699 629 2813 πρὸς
638 2711 788 2808 Θεόδωρον
803 2717 983 2808 Δεκουρίωνα
998 2710 1063 2807 (6)·
1076 2715 1141 2780 ἔστι
1158 2703 1192 2780 δὲ
1208 2719 1227 2786 η
1241 2707 1325 2790 τάξις
1340 2722 1399 2780 τῶν
1416 2710 1467 2806 (γ)
1481 2715 1736 2808 ἐπιγραμμάτων,

185 2847 276 2940 ἤγουν
289 2839 450 2939 διαίρεσις,
466 2849 569 2921 οὕτως.

235 2969 276 3043 α’.
303 2975 408 3066 πρώτη
424 2967 476 3064 (8)
494 2972 546 3063 μὲν
560 2977 578 3044 ν)
592 2977 653 3036 τῶν
669 2976 858 3061 Χριστιανῶν
872 2961 934 3058 (9).

237 3094 280 3183 β’.
309 3091 430 3188 δευτέρα
443 3088 478 3162 δὲ
492 3101 511 3168 ἡ
526 3091 567 3161 τὰ
583 3086 793 3186 Χριστοδώρου
809 3092 989 3182 περιέχουσα
1003 3079 1092 3176 (ιο),
1109 3092 1161 3148 τοῦ
1176 3077 1318 3155 cantatu.

236 3215 279 3310 γ’.
304 3219 400 3309 τριίτη
417 3211 495 3307 (εἰσ)
513 3207 565 3295 δὲ,
583 3213 677 3304 ἀρχὴν
692 3213 745 3302 μὲν
759 3211 868 3298 ἔχουσα
883 3216 938 3284 τήν
952 3216 1013 3276 τῶν
1029 3209 1175 3298 ἐρωτικῶν
1191 3209 1425 3298 ἐπιγραμματων
1441 3204 1588 3272 ὑπόθεσιν.

238 3335 281 3406 δ’.
308 3346 404 3412 ἡτῶν
421 3338 649 3427 ἀναθεματικῶν
665 3331 696 3426 (ι
709 3331 751 3424 Ι).

238 3462 272 3531 e'.
299 3467 422 3555 πέμπτη
437 3467 455 3536 ἠ
470 3469 531 3528 τῶν
546 3454 740 3549 mmmdcc.

239 3584 279 3664 ς’.
305 3594 324 3660 ἡ
340 3595 402 3654 τῶν
416 3580 641 3652 ἐπιδεικτικῶν.

239 3705 279 3788 ζ’.
308 3700 422 3800 ἑῶδόριη
437 3713 456 3780 ἠ
473 3717 535 3772 τῶν
547 3711 783 3798 προτρεπτικῶν.

239 3829 280 3906 η’.
305 3838 324 3906 ἡ
341 3841 402 3898 τῶν
419 3837 599 3898 σκωπτικῶν
615 3824 700 3922 (ιο).

240 3953 276 4024 θ’.
303 3963 322 4023 τί
340 3963 402 4021 τῶν
415 3952 586 4046 Στράτωνος
602 3961 654 4018 τοῦ
668 3943 840 4042 Σαρδιανοῦ.

241 4075 274 4148 ι’.
302 4072 452 4172 διαφόρων
469 4078 582 4170 μέτρων
596 4067 722 4168 διάφορα
736 4073 960 4167 ἐπιγράμματα.

243 4199 296 4272 ια’.
323 4199 524 4296 ἀριθμητικὰ,
540 4200 592 4267 καὶ
605 4201 704 4293 γρηρα
717 4193 793 4293 (13)
807 4197 971 4287 σύμμικτα.

192 4430 322 4504 ρετπνιιίιε
338 4429 531 4500 Epigrammata
542 4426 680 4480 Salmasius
693 4431 878 4486 annotaverat,
893 4438 947 4490 quo
1031 4419 1068 4487 (8)
1082 4418 1126 4469 Br.
1140 4419 1166 4469 in
1181 4415 1232 4468 hoc
1244 4424 1271 4468 et
1293 4415 1321 4470 in
1344 4415 1512 4485 sequentibus
1530 4417 1627 4470 omittit
1651 4417 1743 4491 hujus·

192 4513 251 4566 loco
264 4513 294 4564 in
315 4508 358 4563 illa
376 4508 577 4560 invenirentur:
593 4506 650 4578 ipsa
664 4503 717 4557 iere
738 4503 835 4574 ubique
851 4518 949 4554 conve·
994 4497 1065 4550 modi
1078 4495 1206 4549 ordinales
1217 4511 1341 4547 numeros
1353 4494 1433 4547 literis
1444 4497 1563 4566 scriptos.

192 4595 233 4645 nit
244 4607 306 4645 cum
319 4588 430 4645 Atdtnts.
671 4584 673 4590 '
1028 4577 1066 4646 (9)
1081 4578 1125 4632 Br.
1139 4579 1324 4646 χριστιανικῶν.

230 4671 271 4743 (ι)
288 4668 408 4724 Bnmck.
423 4666 448 4720 ἐν
460 4667 533 4738 τῇδε.
1031 4659 1086 4724 (ιο)
1100 4657 1145 4710 Βτ.
1159 4656 1197 4708 εἰσ
1210 4673 1218 4710 ι
1232 4653 1255 4724 β’
1268 4652 1295 4708 at
1306 4653 1477 4724 Χριστοδώρου
1488 4654 1611 4725 περιίχει·
1633 4665 1660 4709 et
1671 4655 1746 4711 addit

230 4757 270 4822 (a)
283 4749 400 4805 Bruncla.
414 4748 596 4819 Σιλεντιαρίου,
609 4757 635 4800 ει
646 4745 716 4811 aiot,
732 4741 803 4816 quod
819 4743 944 4814 sequitur,
995 4737 1022 4788 in
1034 4734 1101 4799 fine,
1115 4751 1140 4790 κ.
1153 4753 1179 4791 τ.
1191 4733 1218 4790 λ.
1245 4783 1248 4790 .

192 4835 280 4889 deest.
1030 4818 1086 4883 (τι)
1108 4816 1152 4870 Br.
1165 4811 1435 4884 τσοῑσᾶναθημοιτικῶν

230 4915 269 4982 (3)
285 4916 331 4969 Bt,
346 4912 405 4968 εἰπε,
1031 4893 1088 4968 (ιο)
1108 4893 1176 4950 eod.
1194 4897 1345 4948 σκσπτικῶν.
1366 4893 1412 4947 Br.
1434 4891 1526 4960 addit,
1550 4893 1592 4944 καλ
1611 4893 1743 4964 διαφόρων,

229 4997 269 5062 (4)
283 4996 330 5047 Br.
343 4992 439 5063 ὁμοίων
454 4991 495 5044 καλ
509 4990 643 5060 διαφόρων.
995 4973 1068 5045 quod
1080 4994 1134 5030 nun
1148 4986 1187 5029 eat
1199 4975 1227 5027 in
1239 4972 1309 5029 cod.

230 5073 272 5144 (5)
285 5075 332 5128 Br.
348 5071 493 5142 Μυριναίου.
1033 5057 1090 5124 (ι3)
1105 5061 1157 5123 Sic,
1186 5049 1255 5105 torte
1269 5070 1319 5125 pro
1331 5053 1416 5124 γρῖφοι
1438 5053 1493 5104 σίνε
1510 5051 1594 5122 γρίφη.
1610 5049 1653 5105 Br.
1668 5049 1745 5104 heber

229 5158 267 5220 (6)
282 5155 329 5206 Br.
344 5151 418 5206 addit
429 5149 472 5204 τὸν
484 5151 589 5220 Κοσμᾶ.
838 5205 840 5208 ¹
997 5135 1117 5204 γριφώδη.

231 5237 271 5302 (7)
284 5235 330 5286 Br.
345 5232 442 5285 omittit
455 5233 514 5284 τῶν.
