3936 5926
727 397 763 455 m
779 395 903 457 CAPUT
922 398 969 458 vll
992 399 1218 462 annotarit).

159 529 197 574 ναὶ
216 528 262 586 μὴν
279 525 334 587 ᾰμρ’
343 526 411 588 ἀρετῇ
426 525 563 589 conjiciens,
579 527 629 575 aaa·
644 527 725 590 ἀρετῆς
738 527 941 579 Schneidewinus

159 602 186 648 et
204 600 316 660 Ungerus
329 597 409 646 Beiir.
427 609 451 659 p.
471 601 510 658 ³7,
523 596 590 659 quod
605 598 692 662 recepi.
704 599 827 648 lloclerus
844 600 941 650 uolebat

159 669 189 728 οὐ
206 665 356 728 μὴνᾰλλ’ὰρ.
366 665 405 715 uel
417 666 453 714 rat
471 672 513 726 γῆν
530 667 588 726 αλλ’,
603 667 635 716 ob
656 669 746 717 malam
765 671 939 719 correctionem

159 738 224 792 initii
237 738 350 794 Ἕσθης
366 736 537 800 ὲνπρομὰχοις.
548 763 579 773 -
593 741 702 801 δχέαντο
713 738 775 788 cod.
788 741 841 790 Ἀνόι
853 742 939 802 ξηρὴν

205 809 269 856 κόνιν
286 810 338 858 lac.
355 805 460 856 malebat
477 805 509 856 ad
522 809 629 858 analect.
651 811 670 858 t.
694 811 749 870 Vll,
763 823 786 872 p.
806 813 861 869 432,
881 811 937 860 coll.

159 882 220 929 Eur.
239 877 324 927 l‘hoeu.
342 881 409 928 2152.

192 1023 288 1070 Dalm.
311 1022 411 1069 Lemma
433 1039 439 1067 :
457 1020 489 1075 εἰς
502 1019 595 1068 παιδίον
609 1021 756 1083 διερχόμενον
771 1021 816 1070 ’τὸν
835 1023 939 1084 ποταμόν

159 1093 247 1153 Ἔθρσν
257 1089 469 1154 κρνσταλλυθέντα·
483 1089 523 1136 καὶ
534 1094 576 1138 τοῦ
595 1089 673 1152 πάγον
693 1089 870 1152 περιρραγέντος
889 1091 939 1146 ἐξο-

159 1163 275 1220 λισθὴσαν
283 1160 379 1216 διεκόπη
387 1159 429 1218 τὴν
442 1160 543 1218 κιραλήν
558 1161 604 1210 irati
619 1164 661 1209 τοῦ
672 1161 773 1218 παγέτου
784 1161 824 1213 καὶ
835 1163 937 1219 τέθνηκε.

126 1227 129 1232 '
159 1233 270 1284 maden
282 1231 406 1282 historiam
422 1230 536 1281 tractavit
550 1230 673 1294 Philippus
687 1229 773 1279 Thess.
787 1231 827 1290 lli,
842 1243 880 1293 ep.
898 1239 937 1282 5ο.

159 1330 191 1340 -
203 1309 212 1354 i
224 1308 332 1368 κρνμοῖσι
341 1303 445 1359 ardutate
462 1301 540 1362 Plan,
552 1301 608 1351 θοι-θ.
625 1314 653 1350 οε
670 1299 790 1362 Philippo,
805 1300 866 1363 quir
882 1319 938 1363 αρν-

161 1377 200 1436 μῷ
218 1374 377 1434 πεπεδημένον
393 1373 463 1434 ὕδωρ.
479 1379 536 1423 -θ
556 1372 639 1434 ὕπερθε
653 1369 727 1432 τάφου
741 1368 802 1418 cod.
821 1373 847 1420 et
861 1371 938 1433 Plan,

160 1455 226 1492 corr.
242 1441 385 1492 Bruuolius.
408 1460 420 1484 a
435 1443 515 1504 lunge
535 1454 540 1483 ε
565 1442 627 1503 κάρα
641 1441 729 1502 λειφθὲν
744 1437 827 1500 ὕπερθε
852 1441 940 1504 (super

160 1512 253 1576 glacie)
273 1513 340 1570 έθηκε
357 1514 414 1575 (pro
428 1511 534 1570 ἐνέθηκε)
553 1511 628 1575 τάφῳ.
643 1531 655 1554 ν
667 1513 726 1560 dac.
741 1541 772 1548 —
787 1517 800 1562 7
822 1515 940 1574 μνρομένα

160 1583 223 1633 Cod.
239 1615 268 1626 -
281 1583 366 1633 latine
382 1582 439 1632 olim
457 1581 579 1632 redditum
592 1581 653 1631 etin
668 1581 793 1633 codicibus
809 1583 874 1633 Julio
884 1585 938 1633 Ca-

160 1654 210 1704 sari
224 1654 264 1704 rel
282 1652 425 1704 Gennanico
438 1652 530 1702 Caesari
549 1651 691 1716 inscriptum
707 1651 783 1703 habes
797 1653 821 1702 in
841 1653 938 1703 author.

161 1725 248 1776 Latina
262 1727 302 1786 lv,
317 1727 347 1774 92
358 1723 415 1788 (ubi
431 1723 510 1773 multa
524 1724 606 1771 Burin.
618 1737 641 1785 p.
658 1729 687 1772 aa
702 1727 787 1784 seqq.)
804 1739 809 1769 :

241 1865 313 1910 'thrax
327 1875 385 1920 puer
397 1863 505 1908 adstricto
515 1862 585 1918 glacie
596 1861 650 1906 dum
661 1862 750 1906 luderet
759 1862 848 1914 liebro,

268 1927 360 1983 Frigore
369 1930 487 1971 concretas
501 1925 600 1980 pondere
614 1924 677 1980 rupit
686 1936 766 1980 auriam

243 1993 344 2044 nunqua
358 1988 409 2032 inre
419 1990 494 2044 partes
502 1985 581 2042 rapido
593 1985 739 2030 traherentur
751 1986 780 2030 ab
792 1997 866 2039 amne,

270 2048 371 2092 Abscidit
380 2047 423 2092 lieu
434 2049 537 2091 tenerum
549 2044 634 2089 lubrica
642 2048 698 2090 tarta
707 2051 782 2102 caput.

242 2111 306 2154 orba
318 2109 379 2166 quod
389 2111 509 2152 inventurn
519 2113 590 2152 mater
598 2108 653 2151 dum
663 2108 773 2153 conderet
786 2121 858 2162 carna,

271 2187 280 2212 ι
293 2174 341 2218 lloe
352 2172 430 2228 peperi
442 2169 545 2222 llammis,
555 2173 630 2214 cetera
642 2168 725 2224 (diali)
739 2173 808 2226 aquis.
822 2189 831 2212 ι

1697 409 1759 468 485

984 531 1068 582 sertim
1083 534 1219 584 coniicibus
1239 535 1390 596 (κορώναις).
1406 534 1505 586 Grotius
1516 535 1602 585 maluit
1615 549 1715 586 aratam.
1729 565 1760 578 -

985 609 998 652 2
1009 603 1073 666 χίνας
1084 604 1155 665 eod.;
1165 611 1236 667 χῆνας
1248 605 1315 654 Plau.
1326 604 1382 655 edd.
1394 607 1466 668 vett,
1479 607 1547 670 χένας
1556 605 1638 669 Siepil.
1650 610 1675 656 et
1683 608 1757 657 Scali-

984 685 1039 734 ger,
1057 674 1138 735 κίχλας
1160 673 1246 724 aldina
1268 673 1353 732 tertia,
1371 687 1446 737 quam
1467 679 1566 726 secutus
1587 679 1625 726 est
1651 677 1759 728 Grotius.

984 741 1066 802 Χένιις,
1075 742 1099 792 in
1109 742 1155 792 bac
1165 757 1225 792 voce
1235 741 1366 806 singulare,
1376 747 1462 793 tuctur
1474 745 1584 808 analogia
1598 759 1762 810 syncoparum

985 811 1109 862 similium.
1123 840 1154 848 —
1173 817 1187 862 3
1202 814 1353 878 παραστίχων
1374 813 1446 876 (θοός
1469 815 1552 872 ἐκεῖνος
1566 815 1627 865 (iod.
1641 819 1666 866 et
1680 817 1760 878 Piam,

985 894 1047 930 corr.
1071 881 1176 946 scaliger
1195 887 1221 933 et
1235 883 1336 932 salmas.
1356 887 1416 934 «ut
1429 884 1453 934 in
1471 885 1519 945 ἦκα
1535 888 1560 935 et
1577 887 1664 947 δολίην,
1687 887 1722 936 sic
1736 887 1760 938 in

984 951 1123 1016 participio.
1138 965 1237 1016 quoque
1260 955 1299 1002 est
1320 953 1461 1004 clandestini
1489 959 1514 1004 et
1536 956 1616 1006 dolosi
1640 956 1763 1008 adventus

985 1020 1127 1082 significatio
1147 1042 1153 1072 ι
1174 1023 1253 1070 tactio
1273 1022 1344 1071 clam
1361 1021 1429 1085 pede
1448 1023 1582 1086 accedens,
1605 1028 1634 1076 ut
1654 1025 1762 1087 loquitur

984 1089 1096 1142 Tibullus
1116 1094 1136 1150 l,
1159 1091 1190 1142 el.
1213 1097 1250 1152 10,
1264 1097 1304 1142 at.
1322 1113 1335 1135 a
1351 1096 1410 1142 dac.
1428 1093 1475 1151 Qui
1492 1093 1551 1142 oiim
1573 1095 1653 1144 aidau
1675 1096 1762 1151 ἐκεῖνος

984 1161 1142 1224 proponebat,
1161 1163 1272 1212 Grotium
1286 1163 1403 1223 alierens,
1415 1165 1458 1226 qui
1470 1182 1476 1212 :
1490 1165 1586 1228 fallere
1597 1170 1675 1216 norat
1690 1179 1762 1226 uuas,

984 1232 1051 1296 quod
1066 1234 1146 1296 ipsum
1161 1233 1235 1284 etiam
1249 1235 1297 1291 ολος
1315 1232 1444 1297 significat.
1461 1261 1491 1270 —
1506 1243 1520 1285 5
1535 1237 1593 1298 ἦχον
1608 1235 1675 1298 (sic)
1688 1235 1761 1298 (lod,

985 1306 1051 1353 recte
1063 1305 1130 1354 Plan.

1015 1437 1135 1486 nxbvn.
1149 1439 1248 1486 Lemma
1263 1435 1387 1500 ιεθςκόρην
1396 1439 1507 1500 παρθένον
1516 1439 1638 1498 ἰσόψηφον.
1652 1441 1704 1498 (De
1714 1453 1764 1503 quo

985 1519 1072 1570 genere
1085 1505 1142 1556 vide
1156 1519 1230 1570 supra
1244 1505 1325 1568 aivi,
1339 1519 1376 1569 ep.
1387 1511 1442 1556 321.
1452 1505 1460 1570 )
1469 1509 1498 1556 ln
1514 1521 1600 1570 marga
1612 1511 1644 1564 εἰς
1653 1511 1694 1567 τὴν
1706 1511 1762 1560 llat-

985 1594 1056 1640 νωρος
1075 1578 1140 1642 (sic)
1161 1579 1275 1642 θυγατέρα
1287 1580 1398 1640 παρθένον
1412 1580 1591 1637 τελευτήσασαν.
1606 1606 1636 1616 -
1650 1583 1763 1646 artubus

985 1650 1052 1700 Plau.
1068 1669 1080 1693 ι
1096 1650 1191 1712 Πὸτμον
1207 1649 1363 1712 ὀφειλόμενον,
1378 1659 1509 1712 quosaam
1523 1651 1763 1704 secundumuature

984 1719 1050 1784 leges
1070 1721 1096 1770 et
1117 1719 1227 1770 ordinem
1248 1719 1386 1784 precedere
1412 1721 1449 1770 sas
1469 1723 1529 1770 erat.
1558 1741 1568 1764 ν
1597 1725 1654 1771 luc.
1674 1724 1761 1774 Balsa:

987 1811 999 1834 ι
1012 1790 1140 1840 calculum
1154 1790 1261 1850 institui,
1275 1793 1309 1850 et,
1323 1793 1451 1840 numerato
1464 1791 1562 1840 nomine
1571 1792 1668 1855 πότμον,
1683 1792 1766 1844 litera·

985 1874 1040 1910 rum
1054 1860 1152 1910 distichi
1167 1861 1242 1910 unius
1255 1861 1374 1925 cujusque
1388 1864 1534 1912 summaest
1547 1865 1617 1912 7247.
1634 1883 1646 1907 ν

1016 2003 1144 2052 thvln.
1159 2004 1278 2051 Lemma:
1294 2003 1418 2063 ἰσόψηφον·
1433 2003 1464 2057 εἰς
1478 2008 1577 2061 ’λογεῖον
1593 2003 1644 2052 τινὰ
1661 2010 1763 2066 συγγενῆ

985 2073 1154 2126 Δικαιοτελονς·
1167 2071 1308 2134 θαυμαστόν.
1325 2072 1425 2135 «cippo
1438 2071 1588 2134 insculptum
1601 2076 1654 2123 erat
1667 2074 1764 2137 deipara

986 2144 1092 2206 Ἁργεῖος.
1109 2142 1205 2199 Quam
1218 2142 1306 2204 uiator,
1320 2141 1375 2204 quis
1385 2141 1426 2192 ille
1442 2141 1505 2191 inter
1524 2141 1606 2204 plures
1620 2155 1649 2192 eo
1668 2144 1765 2194 nomine

986 2213 1051 2263 viros
1066 2213 1147 2262 luerit.
1163 2212 1300 2276 llespondet
1314 2211 1388 2262 Echo.
1406 2231 1418 2254 ν
1432 2213 1500 2271 tae,
1513 2211 1660 2262 assentiente
1670 2216 1764 2263 Lenneu

195 2303 417 2354 {titulabantur
433 2319 439 2350 ι
457 2303 488 2356 εἰς
504 2303 826 2364 θεογενηννιιιιγιν,ενιῷ
844 2303 941 2352 Arduum
986 2281 1027 2345 1)Ῑο
1041 2282 1071 2332 ad
1090 2284 1158 2332 Gf0i·
1175 2295 1199 2344 ll·
1215 2287 1269 2332 ²3⁸·
1293 2280 1339 2363 §ilii
1358 2281 1429 2362 aliter
1442 2279 1473 2329 de
1493 2281 1590 2344 Ᾱαῖμωθ
1610 2283 1764 2340 statuemur,

162 2375 257 2436 πελάγει
268 2372 439 2434 ναυαγήσωσι,
455 2392 467 2414 „
477 2373 514 2422 Dp
523 2372 660 2430 „auta'cup
670 2371 741 2422 turba
756 2385 846 2435 gruum
858 2372 884 2421 1„
896 2357 939 2422 Μ’,
963 2357 966 2424 l
986 2352 1052 2404 Echo
1068 2351 1219 2433 intelligebat¹
1239 2355 1405 2439 G=rotrus,qu1
1426 2365 1451 2401 ν.
1466 2357 1479 2400 2
1501 2363 1609 2414 grecum
1629 2354 1766 2416 genitivum

162 2459 219 2496 rem
228 2442 387 2493 incidentium
401 2443 504 2490 mortem
514 2441 602 2491 attulit.
616 2444 652 2490 De
663 2441 829 2492 coturnicibus
845 2443 937 2492 l‘linius
986 2424 1018 2474 ⁰¹)
1030 2427 1136 2508 mmm?
1151 2426 1241 2486 immi·
1254 2425 1310 2502 ’,1
1323 2420 1449 2484 αθαοθᾱό
1463 2421 1518 2486 W
1528 2421 1595 2502 Piqu-
1607 2425 1722 2503 θῑθθῖθθ·
1733 2453 1763 2464 ··

163 2519 193 2575 X,
204 2519 235 2566 33
248 2512 394 2564 :raretum
408 2515 431 2562 ct
442 2509 482 2560 iarn
496 2511 576 2560 sirniii
589 2511 677 2573 modo,
689 2525 743 2560 που
756 2513 811 2562 sirie
818 2513 941 2575 periculo
963 2527 966 2568 l
987 2500 1001 2542 ²
1016 2501 1175 2548 mmm<
1197 2492 1254 2542 edd·
1268 2491 1361 2554 ³¹¹(lll0i
1375 2491 1442 2541 l‘lan.
1459 2511 1470 2533 “
1486 2489 1583 2541 C⁰d¹⁰¹⁸
1602 2492 1677 2542 ¹⁰⁰i¹⁰
1694 2496 1763 2544 uim*

163 2585 359 2648 accipendum,
370 2595 450 2646 paam
468 2584 715 2645 appropinquavere
729 2585 805 2632 terris
823 2595 829 2626 ι
846 2586 942 2646 quippe
963 2573 966 2657 i

162 2657 229 2706 uelis
240 2667 306 2718 rape
320 2653 447 2710 incidunt,
458 2653 481 2701 et
495 2650 545 2701 hoe
555 2664 660 2714 serrrpar
670 2653 759 2712 nocta,
770 2655 942 2716 campumque

163 2730 280 2790 auriota.
292 2725 360 2776 ldcm
380 2724 472 2774 Plinius
492 2725 587 2784 xlllll,
603 2731 626 2782 a,
648 2722 680 2772 de
698 2722 836 2786 loliginihus
851 2724 941 2785 tradit,

163 2801 232 2848 tanta
245 2794 368 2846 interdum
386 2792 543 2844 multitudine
561 2793 671 2853 evolare,
692 2795 720 2842 ut
738 2793 833 2858 navigia
845 2793 942 2845 demer-

163 2871 230 2931 gant,
246 2888 258 2910 ν
274 2867 332 2915 Jac.
349 2891 381 2902 -
402 2870 412 2914 1
436 2864 561 2926 ἀρνήσαιτο
588 2863 659 2924 cod,
685 2864 790 2914 alierum
818 2865 886 2914 Plan.
910 2893 941 2900 -

163 2943 187 2988 ό.
206 2957 217 2982 ι
233 2936 272 2988 Sic
289 2933 413 2998 Alistoph.
428 2939 472 2985 iv.
495 2937 540 2986 578
555 2936 688 2998 εστρονθῶν
700 2936 764 2996 νέφος
778 2935 852 2999 ἂρθέν.
872 2957 883 2978 ν
909 2938 940 2984 B.

163 3007 235 3057 cont.
246 3021 285 3070 ep.
303 3010 357 3066 lia,
367 3010 389 3056 ³.
405 3005 464 3056 llire
477 3005 593 3054 Grotius:
609 3005 673 3054 cum
691 3007 777 3055 tamen
840 3027 861 3066 u,
875 3007 941 3069 quod

163 3091 213 3128 non
226 3077 341 3140 intelligo.

196 3221 303 3270 nativ.
320 3220 422 3268 Lemm
436 3235 442 3266 :
458 3221 489 3272 εἰς
503 3216 598 3281 Δερξίαν
610 3217 649 3264 τόν
660 3216 792 3278 Λάμπωνος
806 3223 849 3266 τοῦ
860 3219 940 3269 Φθιώ-

163 3307 207 3340 τον
220 3291 266 3339 ὑπὸ
275 3292 367 3352 λῃστῶν
379 3289 545 3352 ἀναιρεθέντος.
563 3290 615 3335 -l
634 3286 662 3348 ἢν
676 3286 729 3334 πόθ’
744 3286 804 3336 cod.
820 3315 846 3324 -
858 3295 871 3338 2
886 3292 940 3338 θαν-

163 3361 266 3424 paritas
276 3358 347 3420 cod,
358 3371 421 3408 corr.
434 3356 582 3406 llolstenius.
602 3385 632 3397 -
642 3359 665 3404 3.
682 3373 694 3396 ν
707 3359 755 3406 Per
772 3356 858 3406 silvam
875 3357 941 3408 illam

107 3449 110 3454 ·
163 3430 290 3480 llaleaam
300 3428 338 3484 (in
353 3426 517 3490 promontorio
531 3425 632 3485 blaleae)
648 3437 726 3488 nuper
738 3425 785 3476 iter
794 3425 852 3476 iecit
863 3430 888 3477 et
897 3428 943 3478 hu·

160 3503 204 3564 jus
219 3497 330 3549 meminit
351 3497 531 3562 epigrammatis
549 3495 667 3557 Lealius,
687 3509 761 3558 quem
782 3496 913 3546 videtum.
932 3502 941 3550 l

163 3568 261 3620 itineris
274 3581 316 3632 per
327 3567 404 3617 Graec,
420 3568 543 3630 septentri
550 3580 574 3630 p.
585 3569 639 3615 tet.
649 3584 661 3608 ν
673 3567 704 3614 a.
719 3593 750 3608 -
759 3569 782 3614 i.
795 3586 808 3610 ν
819 3568 942 3616 lacertum

164 3637 320 3701 relinquitur,
334 3637 470 3704 volueritne
483 3639 555 3698 poeta
567 3633 691 3684 tumulum
706 3635 803 3686 Demiae
812 3639 943 3700 Lamponia

164 3707 279 3766 tilii,aut
292 3721 365 3770 quam
377 3709 468 3768 Lampo
486 3705 582 3756 Deraia
599 3705 649 3756 ilio
662 3705 687 3756 in
697 3706 758 3756 silva
774 3709 878 3771 aggessit
893 3730 899 3758 ·.
915 3709 946 3760 ut'
964 3685 966 3773 i

164 3780 234 3840 pater
247 3776 307 3840 ipse,
321 3789 376 3826 cum
388 3775 437 3824 lilio
446 3774 471 3823 iu
480 3775 584 3825 Laconia
601 3779 722 3836 versatus,
736 3775 893 3827 alatronibus
905 3779 941 3828 in·
964 3783 966 3793 '

115 3871 119 3878 ,
162 3847 295 3898 teriectum
305 3845 451 3910 sepeliverit.
468 3846 545 3894 urae.

196 3989 289 4038 naal.
305 3989 405 4036 Lemma
423 4003 429 4034 ι
448 3987 480 4042 εἰς
493 3985 636 4048 Ἀριστόνουν
655 3987 694 4035 τὸν
712 3987 891 4048 Χαιρεστρὰτου.
912 4013 942 4024 -·
964 3960 966 4060 t

162 4083 195 4095 ·-
211 4062 220 4106 ι
237 4061 278 4115 τὴν
290 4057 327 4105 tat
344 4055 415 4114 cod.;
430 4057 477 4104 aab
492 4054 667 4115 casaubonus,
682 4053 749 4118 quod
763 4054 866 4117 probant
877 4057 941 4116 lac,
963 4063 966 4115 t

162 4127 242 4176 Boisa.
259 4128 285 4176 et
303 4125 407 4175 lleinel.
426 4138 449 4188 p.
468 4127 519 4174 til.
537 4151 567 4160 —
579 4131 601 4174 2.
628 4143 639 4166 ι
660 4125 701 4177 Εἰς
718 4125 889 4186 Ῥαδάμανθυν,
910 4125 941 4174 ad

163 4197 262 4260 piorum
279 4199 304 4246 et
325 4195 452 4246 beatorum
471 4193 604 4255 sedes‚uhi
626 4193 825 4244 Rhadamanthus
847 4201 942 4247 exercet

163 4266 301 4330 imperium.
317 4265 452 4316 mamad.
469 4265 506 4315 01.
522 4268 553 4323 Il,
568 4269 654 4328 75-95,
665 4280 722 4316 cum
732 4267 841 4316 lloeolthii
855 4269 940 4332 explic,

163 4352 188 4402 p.
202 4342 253 4388 tat.
268 4337 352 4401 Virgil.
367 4339 420 4387 AEn.
435 4338 477 4397 vl,
492 4339 555 4386 aloe

986 2577 1034 2628 que
1046 2561 1206 2626 preferenda,
1223 2562 1268 2625 ἄρα
1279 2564 1305 2610 et
1318 2563 1487 2617 Διναιοτέλονς.
1507 2563 1569 2610 llam
1583 2575 1640 2610 cum
1659 2575 1688 2614 ea
1704 2563 1763 2627 scri·

986 2636 1105 2698 pturaest
1120 2633 1314 2695 uniuscuiusque
1320 2630 1424 2682 distichi
1436 2645 1532 2682 summa
1546 2633 1616 2682 7150.
1631 2653 1642 2676 ν
1657 2635 1689 2682 B.

1018 2776 1118 2824 DliLIlt.
1138 2774 1237 2823 Lemma
1252 2785 1258 2818 t
1278 2771 1547 2834 temporabilitatem
1562 2773 1603 2830 τήν
1613 2771 1763 2824 eaelatura-

986 2863 1031 2897 σαν
1040 2845 1078 2894 διὰ
1091 2845 1118 2893 τὸ
1132 2844 1155 2892 ἐν
1170 2847 1211 2906 μιᾷ
1223 2841 1335 2904 liutpert&
1350 2841 1419 2889 τέκνα
1434 2840 1515 2902 θάψαι.
1528 2867 1560 2878 -
1570 2845 1584 2890 θ
1593 2841 1648 2904 γόον
1661 2840 1722 2893 cod.
1739 2847 1765 2894 et

986 2914 1117 2974 ,λουςγὸον
1130 2912 1196 2962 Plan.
1209 2931 1220 2952 ν
1232 2913 1284 2960 lloc
1293 2909 1399 2974 pretuli.
1408 2913 1468 2961 llam
1478 2911 1513 2961 sic
1522 2924 1626 2960 summa
1635 2912 1767 2976 utriusque

986 2981 1085 3032 distichi
1105 2981 1156 3032 iere
1169 2981 1276 3042 aquales
1288 2983 1347 3030 sunt
1371 2995 1378 3026 :
1402 2979 1471 3042 prius
1492 2981 1559 3032 valet
1575 2985 1645 3042 etti,
1660 2983 1764 3033 alterum

986 3057 1057 3103 ctat.
1073 3055 1163 3102 Forsan
1176 3051 1308 3114 scripserat
1321 3053 1407 3100 auctor
1420 3052 1480 3110 λήξει
1494 3051 1543 3102 οὐδ’
1556 3055 1624 3102 αἰῶνι
1635 3053 1707 3114 γόον,
1718 3068 1763 3104 nu·

987 3136 1055 3173 mero
1068 3121 1223 3172 arithmetico
1237 3121 1314 3185 magis
1330 3121 1439 3171 intentus
1451 3134 1525 3184 quam
1539 3121 1643 3184 poetico.
1660 3123 1705 3173 Vel
1722 3137 1766 3187 po·

986 3193 1038 3242 tius
1051 3193 1073 3241 τί
1083 3193 1190 3250 ἀλαζόνα.
1204 3212 1215 3234 ν
1226 3195 1256 3241 Β.
1272 3193 1325 3240 Ηοο
1338 3195 1413 3252 recte,
1424 3194 1450 3242 et
1458 3190 1590 3242 delendum
1599 3195 1681 3243 esset’
1696 3193 1767 3258 signi·

987 3261 1068 3312 liceri.

1018 3405 1068 3454 DL.
1085 3407 1184 3454 Lemma
1202 3422 1207 3449 :
1225 3405 1256 3458 εἰς
1275 3403 1352 3452 avara
1369 3403 1409 3451 τὸν
1428 3404 1537 3464 ναυηγὸν,
1560 3402 1586 3451 ὃν
1601 3403 1628 3452 ἐκ
1648 3403 1765 3458 θαλάσσης

987 3476 1091 3524 σωθέντα
1107 3474 1174 3522 iriae:
1194 3474 1335 3522 ἀπέκτεινεν·
1357 3471 1509 3533 labbaeana
1533 3474 1615 3530 Quum
1634 3487 1682 3522 nort
1696 3485 1764 3536 repe·

964 3515 966 3634 i
987 3545 1060 3594 rerim
1084 3544 1147 3593 inter
1169 3541 1274 3592 disticha
1295 3553 1451 3590 numerorum
1472 3540 1615 3603 paritatem,
1636 3543 1686 3592 lere
1709 3553 1762 3593 cre-

964 3614 1089 3680 ,diderim
1114 3615 1237 3663 auctorem
1261 3625 1316 3662 esse
1339 3611 1425 3675 potius·
1450 3611 1581 3662 Leonidam
1607 3613 1765 3665 Tarentinum

987 3698 1061 3747 quam
1082 3681 1277 3732 alexandrinum.
1301 3683 1333 3732 Et
1356 3679 1383 3730 id
1403 3681 1532 3732 Tarentino
1562 3681 1647 3733 tribuit
1675 3685 1763 3734 Brunc-

987 3756 1048 3804 lius.
1060 3752 1181 3820 Planudes
1191 3753 1309 3802 Λεωνίδαν
1318 3753 1415 3801 tantum
1425 3752 1506 3802 habet.
1520 3773 1531 3796 ν
1544 3755 1573 3802 B.
1586 3756 1697 3811 Quorum
1707 3768 1761 3805 sen·

987 3825 1089 3875 tentiam
1102 3823 1202 3872 minime
1219 3821 1356 3883 continuat,
1386 3822 1429 3872 sed
1448 3822 1599 3885 improbilem
1620 3823 1701 3874 reddit
1722 3838 1762 3888 ep.

987 3900 1032 3947 289
1042 3895 1191 3958 Ἀντιπάτρου
1205 3893 1351 3954 Μακεδόνος,
1361 3893 1388 3943 id
1400 3895 1439 3943 est
1451 3891 1603 3943 hauddubie
1622 3892 1761 3944 Thessalo·

986 3969 1096 4016 racemis
1116 3963 1247 4014 Tarentino
1264 3962 1370 4014 Leonida
1392 3963 1540 4027 posterioris.
1562 3967 1597 4012 Er
1616 3964 1682 4014 illius
1697 3966 1762 4018 enim

986 4037 1158 4102 epigrammate
1171 4035 1218 4084 hoc
1232 4034 1309 4084 luisse
1320 4048 1463 4098 expressum
1476 4035 1609 4085 imitatione
1623 4036 1761 4099 manifesta,

986 4121 1034 4157 non
1054 4109 1147 4168 contra,
1170 4119 1255 4156 omnes
1269 4104 1339 4154 iacile
1358 4104 1501 4154 concedent.
1523 4133 1552 4140 —
1566 4111 1578 4153 2
1593 4124 1605 4146 «ι
1625 4105 1761 4163 Αἰιὸλννιον,

986 4176 1158 4243 eodemmodo
1167 4189 1217 4238 quo
1235 4173 1379 4226 Theocritus
1393 4177 1527 4224 αἰνολέιντα
1538 4174 1598 4224 οἰκῆι
1611 4175 1763 4228 horrendum

986 4250 1087 4306 leonem,
1102 4248 1173 4306 xxv,
1191 4249 1241 4298 168.
1260 4266 1271 4288 ν
1287 4242 1375 4309 stapla.
1389 4273 1418 4281 -
1431 4246 1523 4308 θέσχες
1537 4245 1603 4293 Plan.

963 4441 965 4455 ,
1016 4393 1076 4441 DLI.
1092 4391 1191 4439 Lemma
1203 4403 1208 4433 ι
1219 4390 1251 4443 εἰς
1260 4391 1354 4438 Παῦλον
1367 4390 1407 4436 καὶ
1422 4389 1529 4446 Λητώῖον
1545 4387 1610 4449 (sic)
1622 4389 1730 4450 ἀδελφοὺς
1740 4392 1763 4438 lu

244 4457 288 4502 llic
300 4459 362 4501 locus
372 4461 413 4510 est,
424 4458 544 4513 parteeuhi
555 4467 579 4502 ae
590 4456 830 4504 viatlndltinambaar
963 4500 965 4518 ρ

244 4520 360 4571 Dextera,
370 4530 419 4574 qne
430 4520 485 4564 Ditis
494 4520 569 4574 magni
583 4519 625 4564 sub
642 4521 724 4564 morula
735 4522 821 4574 tendite
962 4522 966 4545 ’

245 4583 293 4625 lieo
304 4581 347 4625 lter
359 4581 459 4634 etesium
468 4580 548 4633 nabin
559 4586 583 4626 at
592 4582 648 4625 leva
658 4583 769 4626 erratorum

165 4682 168 4688 .
243 4645 338 4688 Exercet
347 4653 432 4698 paenas,
446 4647 470 4686 at
481 4642 586 4701 adimple
594 4645 688 4690 Tartara
698 4643 776 4690 mittit.

164 4794 193 4804 -
210 4769 223 4814 4
239 4764 303 4822 atta
314 4763 375 4814 Cod.
387 4765 495 4846 Primus,
506 4769 537 4846 ut
546 4765 652 4824 uidetur,
669 4767 797 4830 AEsclrylus
813 4773 939 4822 Plutonem
962 4702 965 4885 ἶ

162 4835 287 4955 §irtacum
305 4835 442 4898 appellavit,
458 4839 486 4884 ut
499 4836 538 4883 alu
552 4835 700 4900 ᾰγήσανθρον
715 4841 740 4887 et
746 4840 913 4902 πολυθέγμονα.
928 4865 939 4885 ι

195 5049 301 5097 DliLVI.
330 5051 427 5098 Lemma
449 5061 454 5092 τ
479 5050 510 5104 εὶς
530 5049 653 5112 Ἀρίστωνα
673 5051 760 5108 πένητα
783 5059 847 5115 χῖνας
875 5055 939 5116 (tic)
962 5019 965 5118 ἶ

163 5121 333 5183 θηρεύοντα-
347 5125 354 5168 1
363 5121 438 5184 κόρων
449 5119 530 5169 baalia
540 5121 600 5170 eod.
612 5125 636 5171 et
644 5126 695 5171 veit.
712 5122 768 5172 edd.
777 5125 853 5186 Piam,
862 5139 941 5176 recen-

162 5191 238 5240 tiores
250 5193 277 5240 ut
288 5189 388 5240 editum.
399 5193 440 5241 l'st
456 5191 537 5241 lunda
548 5204 623 5255 genus
641 5192 727 5242 aribus
742 5193 865 5256 petendis,
879 5208 939 5258 pne·
962 5212 965 5251 f

986 4460 1102 4523 Raonopip
1114 4461 1158 4520 (ex
1174 4473 1197 4508 ν.
1209 4457 1239 4522 θ)
1251 4459 1439 4515 τελευτήσαντας.
1457 4478 1466 4501 ι
1481 4459 1510 4506 In
1519 4456 1582 4508 duos
1598 4460 1685 4510 iratres
1692 4498 1701 4521 ,
1710 4460 1763 4522 qui,

985 4531 1045 4581 dum
1064 4530 1184 4590 viverent,
1200 4532 1267 4580 arcta
1284 4529 1462 4578 consuetudine
1473 4530 1561 4592 juncti,
1577 4531 1698 4594 simulque
1713 4532 1764 4582 vita

985 4603 1074 4663 iurtoti,
1089 4602 1114 4651 in
1133 4599 1219 4651 eodem
1232 4600 1328 4651 tumulo
1353 4599 1444 4650 conditi
1465 4603 1536 4660 sunt,
1556 4600 1599 4650 ubi
1621 4602 1763 4652 Concordiae

985 4683 1052 4723 aram
1073 4672 1207 4722 consecrari
1227 4671 1318 4721 debere
1344 4671 1469 4722 existimat
1490 4675 1569 4735 poeta.
1590 4673 1705 4724 Similiter
1732 4674 1763 4724 de

984 4741 1100 4792 iratribus
1109 4742 1192 4791 Cascis
1206 4740 1304 4790 anthol.
1316 4740 1390 4790 latina
1405 4743 1447 4802 lv,
1465 4747 1473 4790 i
1492 4742 1513 4791 ι’

962 4889 965 4936 ι
1063 4884 1152 4934 Quanta
1166 4879 1208 4925 init
1218 4881 1307 4934 mentia,
1318 4883 1381 4924 tanta
1395 4885 1429 4926 ast
1439 4867 1628 4934 coneordla'iatl3

1090 4945 1117 4986 Et
1133 4942 1233 4986 tumulus
1242 4943 1341 4986 cinerem
1356 4953 1438 5000 parvus
1448 4945 1572 4998 utrumque
1585 4945 1648 4998 tegit.
1661 4961 1669 4984 ι

984 5059 1040 5106 Juc.
1056 5081 1085 5093 -
1098 5063 1107 5106 ι
1121 5057 1218 5114 λητώιος
1228 5057 1299 5114 (λαις
1319 5058 1385 5106 Plan,
1401 5055 1476 5106 habet
1489 5057 1604 5108 alterum.
1618 5055 1649 5105 de
1666 5070 1717 5122 quo
1735 5071 1758 5108 ν,

985 5139 1041 5190 quaa
1054 5126 1163 5190 disputat
1178 5129 1205 5177 L.
1220 5127 1332 5178 Dindort.
1348 5129 1372 5177 in
1385 5127 1459 5177 Thes.
1474 5141 1486 5176 s
1509 5140 1532 5176 ν.
1549 5155 1578 5167 -
1590 5128 1661 5176 θκάκ
1673 5128 1762 5190 Maipa<

986 5195 1165 5258 Waletieldus,
1181 5197 1236 5247 coll.
1256 5195 1359 5246 Theocr.
1375 5199 1394 5258 l,
1419 5201 1510 5246 122-
1530 5195 1665 5247 tardaret
1679 5197 1759 5249 ttae·
