3936 5926
640 443 677 502 ΙΝ
699 443 823 504 CAPUT
844 444 894 504 vlt
919 445 1143 511 inseritis.

97 581 172 630 geues
185 571 265 618 Laeti.
281 581 382 632 plutum
393 569 408 634 §
421 574 435 620 t
452 591 458 618 ι
473 576 554 621 τοῦτον
566 575 702 632 τελευτῆσαι
716 576 824 638 Φαληροῖ
836 578 877 626 οιαὶ

98 639 164 692 αὐτῶ
177 637 339 700 ίπιγεγριίρθαι
346 639 403 702 ,τόδε
412 642 439 689 τὸ
450 643 560 701 ἐλεγεῖον·
577 645 733 706 Εὐμόλπου
747 649 797 694 κτλ.
806 647 877 698 Colli.

99 707 205 756 t'ausm.
217 708 237 766 l,
249 713 287 768 25,
299 713 321 757 d.
334 707 491 772 adreptum
503 713 576 761 refert
589 712 635 761 lroe
646 715 671 762 et
685 725 790 776 sequens
802 713 877 776 epigr.

97 777 278 828 Schneidewin.
300 791 325 841 p.
342 782 381 828 43.
398 799 409 820 ι
426 780 517 832 Gallice
533 783 606 834 uertit
624 786 649 833 et
666 784 877 834 illustratliaeier.

99 849 166 898 llist.
179 849 253 899 need.
267 852 356 900 lurerr.
367 852 385 900 t.
396 852 497 911 livii,
507 866 531 915 p.
545 857 599 904 801.
613 875 624 896 ν
636 855 665 904 B.
677 882 704 889 --
718 861 732 904 2
748 853 784 904 sic
800 855 877 917 Plan..

96 933 173 982 quem
181 923 319 983 sequuntur
327 921 432 970 Bruncl.
442 924 468 972 et
477 923 564 982 Edisse
575 941 695 986 μουοαιων
704 924 757 986 (sic)
766 926 879 988 plautium

97 989 219 1049 codem
238 989 320 1054 posito
333 1003 407 1054 super
421 995 527 1056 utroque
545 1012 574 1043 ον.
591 997 628 1044 De
646 995 741 1058 vulgari
758 994 879 1058 scriptura

96 1063 151 1111 lac.
163 1083 169 1110 :
181 1081 193 1104 ι
208 1063 332 1124 ingratum
345 1061 488 1123 asyndeton,
497 1063 619 1126 qundleni
628 1065 763 1114 mutatione
772 1064 879 1114 admissa

97 1133 245 1192 mutataque
263 1129 419 1182 ᾱίιλίιιολίοιιο
441 1133 537 1183 mollire
557 1138 659 1185 conatus
680 1149 743 1186 sum.
762 1139 879 1186 ceterum

97 1199 163 1248 inter
174 1199 281 1262 syllabas
292 1217 318 1248 ον
327 1205 354 1250 et
364 1219 391 1252 ου
399 1202 424 1250 in
431 1201 521 1253 Codice
528 1204 656 1254 minimum
665 1205 775 1257 interest.
785 1227 797 1250 ν
808 1206 879 1257 Geni·

98 1270 166 1319 tirus
180 1271 302 1320 Μουσαίου
317 1275 423 1335 ρ9ιμὲνου
436 1275 510 1324 etiam
522 1275 548 1324 iu
560 1276 666 1340 Diogene
678 1278 765 1329 Cobeli
781 1279 878 1344 legitur,

98 1343 204 1392 tortasse
217 1355 249 1392 ex
262 1341 340 1404 libris,
354 1344 528 1408 epigrammate
540 1346 576 1396 ita
589 1347 704 1399 distincto
720 1369 726 1400 ι

163 1478 288 1536 &iudicine
298 1476 362 1536 ρίλον
375 1478 425 1525 υἱὸν
437 1477 486 1540 ίχει
498 1481 525 1527 τὸ
540 1481 672 1542 Φαληρικὸν
682 1479 765 1542 οὗθοις,

193 1547 317 1596 Μουσαίου
329 1547 438 1608 φθιμένου
455 1549 526 1610 σῶμ’,
536 1549 581 1598 tei
591 1551 651 1612 τῷθε
660 1549 734 1612 τάφῳ.

128 1676 240 1726 Dcxvl.
249 1677 349 1724 Lemma
360 1687 366 1723 τ
378 1675 465 1736 ὁμοίως
478 1676 545 1734 (item
554 1677 691 1740 ἀδέσποτον)
703 1681 734 1734 ιίς
744 1683 814 1729 Λίνον
824 1679 878 1740 (sis)

95 1749 135 1794 τὸν
151 1749 203 1794 υίόν
220 1745 316 1802 Μούσης
330 1748 371 1804 τῆς
394 1747 517 1808 Οὐρανίας.
539 1747 658 1809 Diogenes
676 1751 756 1798 Laeti.

98 1817 112 1879 §
127 1820 141 1866 i
157 1837 163 1865 :
178 1818 220 1865 τὸν
233 1815 303 1866 Λίνον
316 1818 452 1872 τελευτῆσαι
465 1819 488 1866 ἐν
501 1817 589 1882 ίίὐὸοία
601 1820 733 1874 τοξευθέντα
746 1821 792 1868 ὑπὸ
803 1819 880 1870 ’Λπόλ-

96 1888 169 1942 λωνος
185 1888 224 1935 καί
239 1885 303 1947 αὐτῷ
316 1886 488 1948 ίπιγεγρίιρθαι·
504 1886 570 1935 Ὧδε
590 1887 629 1936 vei
640 1889 709 1937 'llic
729 1888 812 1937 Λίνον
828 1891 876 1937 κτλ.

98 1979 109 1999 ι
122 1957 215 2008 Gallice
223 1969 369 2007 conversum
376 1961 401 2006 et
409 1957 559 2008 illustratum
569 1957 691 2008 abeodem
703 1958 762 2010 ibid.
772 1973 796 2022 p.
805 1962 858 2010 289.
866 1981 877 2002 ιι

97 2031 155 2077 lt-
171 2035 180 2076 t
191 2029 236 2077 dir
245 2027 305 2077 Cod.
314 2029 339 2077 et
348 2027 463 2091 Diogenis
473 2027 530 2078 libri
540 2028 655 2090 quidam3
668 2030 709 2087 ἠδε
723 2030 800 2090 Plau,
809 2033 834 2080 et
844 2030 880 2080 eie

96 2098 121 2146 in
137 2097 206 2161 Dirp.
222 2097 300 2148 edidit
311 2096 408 2158 cobet,
421 2097 488 2160 quod
500 2097 564 2148 lraud
580 2097 654 2148 dubie
668 2113 761 2150 verum.
773 2127 803 2137 -
815 2107 828 2149 2
839 2101 877 2149 ie·

97 2171 210 2232 σιὲρσνον
222 2169 290 2219 Plan.
305 2167 427 2218 Hesiodus
437 2168 523 2232 fragm.
536 2172 566 2220 sl
579 2170 619 2230 (al.
632 2172 672 2232 97)
687 2190 694 2219 ι

161 2296 265 2358 Οὐρανία
276 2295 297 2344 δ’
309 2295 345 2356 ἄρ’
358 2295 432 2344 ίτικτε
445 2293 515 2344 Λίνον
530 2296 676 2358 πολυήρατον
687 2297 745 2346 υίόν.

130 2424 253 2472 Dextri.
271 2424 372 2472 Lemma
388 2441 395 2471 ι
410 2421 497 2484 ὁμοίως
509 2423 541 2478 είς
553 2423 634 2485 Ὸρρέα
645 2424 684 2475 τὸν
701 2427 791 2486 θρᾷκα.
809 2424 877 2488 Diog.

99 2498 126 2544 L.
137 2507 240 2556 protem.
253 2492 266 2555 §
277 2499 291 2542 5
304 2512 310 2540 :
321 2497 401 2542 τοῦτον
415 2493 427 2540 d
438 2492 479 2554 μὲν
491 2494 560 2554 μῦθος
571 2495 616 2542 ὑπὸ
625 2500 741 2555 γυναικῶν
752 2497 877 2544 ἀπολέσθαι

99 2565 167 2624 ρησί·
181 2566 209 2612 τὸ
222 2563 242 2612 θ’
252 2565 276 2611 iu
286 2561 336 2624 Δίῳ
348 2567 388 2620 τῆς
403 2561 547 2618 Μακεδονίας
556 2563 699 2626 ἐπίγραμμα,
708 2568 878 2628 κεραυνωθῆναι

98 2635 178 2686 αὐτὸν,
193 2633 259 2694 λέγον
272 2633 353 2687 οὕτως·
366 2633 483 2694 θρήῖκα
503 2635 552 2681 κτλ.
567 2651 578 2674 ι
592 2633 683 2684 Gallice
697 2648 841 2685 conversum
855 2639 879 2687 ei

98 2705 247 2753 illustratum
258 2703 381 2753 abeodem
389 2701 447 2752 ibid.
456 2717 480 2765 p.
490 2708 543 2752 300.
555 2723 567 2746 ν
579 2706 611 2754 Β.
622 2731 652 2740 -
663 2711 686 2754 2.
698 2707 878 2766 Pausaniam,

100 2783 130 2824 30
144 2795 150 2822 :
163 2777 209 2823 είσί
219 2776 243 2824 δὲ
255 2777 278 2824 oi
291 2792 347 2836 ροισι
359 2775 523 2837 κεραυνωθέντι
535 2777 581 2824 ίιπὸ
594 2781 635 2824 τοῦ
647 2779 699 2826 θεοῦ
711 2779 826 2837 συμθήναι
837 2780 879 2836 τὴν

98 2845 208 2903 τελευτὴν
221 2847 316 2909 Ὀρφεῖ·
329 2847 500 2907 κεραυνωθῆναι
515 2845 539 2894 δὲ
554 2846 624 2894 αὐτὸν
640 2851 685 2894 τῶν
701 2846 776 2906 λόγων
788 2849 879 2910 εἵνεκα,

99 2917 131 2964 dn
144 2917 264 2966 ἐδίδασκεν
279 2917 302 2964 in
318 2921 365 2967 mi:
378 2916 511 2978 μυστηρίοις
524 2917 552 2963 οὐ
569 2916 678 2979 πρθτερον
692 2916 822 2974 ἀκηκοότες
838 2919 879 2966 ἆν-

99 2987 212 3049 ιιρώπους.
225 2985 297 3036 conl.
312 2984 435 3048 Hyginum
450 2988 519 3035 Poet.
532 2988 628 3036 Astron.
645 2989 676 3046 ll,
688 2991 710 3036 i.

130 3125 265 3175 scxvill.
285 3125 384 3173 [emma
399 3142 404 3172 :
419 3123 505 3185 ὁμοίως
521 3124 552 3178 τίς
570 3123 712 3172 Κλεοὸουλον
725 3127 763 3172 τὸν
778 3125 877 3173 Λίνδιον,

99 3196 179 3246 trahet
191 3193 259 3257 Dius.
271 3196 298 3242 L.
312 3195 332 3254 1,
344 3199 382 3244 as.

130 3343 239 3392 mcxix.
256 3343 355 3391 Lemma
370 3361 375 3388 ι
390 3341 477 3402 ὁμοίως
490 3342 521 3396 είς
534 3339 671 3402 Περίανδρον
692 3339 731 3387 τὸν
752 3341 877 3400 Κορίνθιον.

99 3414 169 3478 Diog.
185 3416 212 3463 L.
229 3415 249 3474 l,
259 3419 290 3464 tls
305 3433 311 3461 :
325 3412 439 3474 Κορίνθιοι
449 3410 487 3460 ini
499 3427 520 3458 τι
534 3409 666 3467 κενοτάφιον
677 3410 879 3473 ίπέγραψαναύτῷ

97 3487 158 3535 τόδε·
171 3489 194 3535 ll
201 3489 232 3534 λο
239 3486 309 3534 ύτου
319 3485 418 3533 κτλ-1
427 3483 508 3544 σομίας
518 3480 701 3539 Ced.,alierurn
713 3479 879 3543 Diem-iip-

98 3559 178 3620 γίολος
191 3555 328 3614 tamisim,
338 3557 364 3604 et
375 3555 411 3604 sie
423 3553 511 3604 cobet.
524 3553 549 3602 in
560 3551 640 3614 Dium,
650 3549 693 3599 ubi
701 3551 774 3614 vulgo
784 3552 879 3608 κόλποις

98 3628 233 3689 irradio-e,
247 3630 276 3676 ut
287 3625 312 3675 in
326 3624 424 3675 Codice.
439 3624 518 3675 Balsa.
532 3645 538 3672 ι
553 3625 655 3671 «liutai
670 3620 820 3680 indoctus,
836 3621 879 3671 sed

98 3697 189 3758 poterit
200 3702 230 3756 γῆ
250 3695 336 3746 reterri
351 3695 381 3745 ad
398 3709 487 3744 nomen
508 3695 597 3758 πατρίς.
611 3713 622 3735 ν
639 3689 710 3740 liaud
729 3690 817 3750 dubie,
836 3691 879 3740 scd

98 3767 210 3816 aliatum
226 3770 318 3816 restant
329 3764 492 3814 incommoda.

130 3909 223 3958 sicu.
242 3909 342 3958 Lemma
355 3928 360 3956 :
373 3909 404 3962 tie
414 3908 453 3956 τὸν
467 3907 535 3954 αὐτὸν
551 3905 688 3969 Περίανδρον
699 3905 739 3953 τὸν
751 3901 878 3965 Κορίνθιον.

98 3985 134 4032 lix
150 3980 221 4044 ulog.
233 3983 254 4042 l,
273 3984 312 4040 97,
323 3979 429 4042 quiajos
451 3979 560 4040 ἀτύχημα
573 3980 599 4026 et
612 3978 718 4026 mortem
731 3988 761 4024 ον
774 3984 879 4022 rrroerore

96 4055 183 4103 narrat
196 4053 211 4116 §
223 4059 262 4103 95.
278 4057 333 4102 -t
350 4055 409 4108 τίνος
423 4049 484 4100 Cod.
498 4077 529 4090 -
542 4055 564 4098 2.
584 4069 594 4090 ι
612 4047 732 4098 Molestus
747 4043 877 4108 ‘sigmalis

94 4139 163 4174 mus.
176 4123 260 4175 Scribe
272 4144 278 4172 ι
291 4123 431 4173 ciuilium
445 4121 509 4180 θεός,
519 4133 563 4183 pro
574 4121 632 4169 οίσι.
645 4140 656 4161 ιι
669 4115 745 4167 soti.
757 4143 785 4150 -
796 4119 810 4164 θ
822 4115 879 4163 ἀπέ-

95 4198 150 4247 ofin
162 4194 225 4245 Ceti.
239 4223 263 4231 -
274 4199 287 4244 l
305 4195 397 4257 πρήξιος
406 4192 433 4253 ἧς
444 4191 514 4254 Diog.
528 4193 555 4240 et
565 4189 643 4249 sulti..
654 4191 682 4246 ἣν
693 4189 725 4237 it.
740 4185 800 4236 cod.

129 4361 237 4410 Dcxxt.
256 4360 356 4408 Lemma
371 4375 378 4406 τ
393 4357 425 4411 τίς
444 4355 576 4416 seponite.
592 4353 620 4401 οὐ
639 4353 679 4402 τὸν
694 4353 735 4406 τὰς
751 4353 879 4414 τραγῳδίας

94 4433 236 4494 γράψαντα,
247 4427 306 4477 ἀλλὰ
316 4429 369 4476 τινὰ
379 4427 455 4475 ἄλλον.
467 4445 479 4468 ιι
490 4426 593 4474 Carmen
606 4421 797 4481 subobscurum,
811 4420 879 4470 futile

95 4507 123 4552 et
138 4501 294 4561 resonemus,
309 4500 419 4560 correpta
433 4498 454 4546 λι
468 4494 560 4558 syllaba
573 4494 598 4543 in
613 4494 720 4542 σελίνοιο.
733 4511 745 4536 ιι
761 4491 838 4542 Both.
849 4519 879 4530 -

99 4572 189 4624 liiiio:
202 4569 271 4628 ἠλθον
291 4565 358 4616 Plan.
376 4586 388 4608 ι
402 4567 491 4622 'Eadm
512 4564 578 4614 lrsud
595 4562 669 4612 dubie
691 4575 735 4625 pru
748 4563 839 4620 ἐοέὅην,
851 4565 880 4612 ut

94 4643 207 4691 ἐσίαινον
219 4637 265 4686 Οιί.
279 4639 309 4696 Ο,
323 4641 377 4687 sis.
387 4665 417 4678 -
427 4643 441 4686 2
451 4639 472 4686 ei
484 4637 539 4685 δέτι
550 4634 649 4698 σαρθώιμ
664 4633 730 4681 ulan.
745 4632 879 4681 amnonius

93 4715 171 4762 εἰθοιτι
182 4709 290 4772 {aperires
306 4707 414 4768 σείίνοιο,
425 4721 470 4757 esu
483 4705 623 4756 sardonis.
639 4704 686 4754 sed
700 4701 797 4752 codicis
806 4702 880 4751 lectio

93 4778 240 4844 elegantior.
256 4775 336 4826 llerha
352 4775 452 4836 sardos,
474 4775 526 4826 sire
549 4777 697 4840 apiastrum
710 4780 877 4832 venenatum,

92 4856 116 4902 si
137 4851 195 4913 qlll't
209 4845 362 4906 comederit,
375 4859 469 4895 rreroos
479 4843 621 4903 contrudit,
631 4845 698 4892 rictu
710 4843 809 4892 diducit
820 4838 878 4902 edu,

93 4927 137 4980 nt,
151 4922 195 4984 pul
209 4921 320 4967 mertem
338 4918 474 4980 oppetunt,
488 4915 559 4980 socie
576 4914 721 4963 ridentium
738 4915 877 4972 intereunt,

94 4992 267 5042 sollemni.
282 5010 293 5030 ν
308 4990 366 5036 inc.
382 4987 459 5036 lloiss.
471 5006 477 5035 ι
491 5007 503 5029 ιι
521 4989 557 5035 De
569 4984 594 5033 νί
607 4984 708 5047 apiastrt
721 4981 803 5034 sardot
823 4982 879 5031 ride

93 5063 176 5113 relrol.
190 5058 299 5123 Gregorii
314 5061 371 5107 lien
389 5057 413 5106 in
433 5057 549 5120 catalogo
563 5053 690 5104 Clarliano
710 5067 783 5116 quem
803 5051 879 5102 edidit

94 5130 253 5183 Gaislonlius
260 5143 283 5192 p.
292 5135 331 5188 sm
339 5127 371 5178 de
380 5127 430 5177 risu
437 5127 555 5177 Sardonio
566 5125 609 5187 qrri
617 5123 676 5174 abiit
683 5124 707 5173 in
714 5122 877 5186 prouerbium,

93 5219 120 5252 v.
135 5203 168 5252 ad
181 5209 240 5264 App.
257 5200 373 5260 rinnon
386 5201 423 5246 ss.
442 5220 493 5239 ν-
508 5203 521 5247 9
537 5200 582 5260 ἐγὼ
597 5195 668 5256 Cod.‚
684 5197 787 5245 alterum
801 5197 877 5253 illuns,

102 5275 130 5322 θί
142 5289 165 5319 τι
176 5273 266 5325 πάντως
279 5283 361 5332 apogr.
378 5269 431 5317 iar.

1643 463 1696 522 lul

954 578 1068 662 imm
1087 583 1185 632 Lemma
1207 587 1267 639 ι·ιίς
1289 585 1377 650 Βὸρχον
1398 587 1449 636 τινὰ
1471 589 1584 652 βουκόλον
1599 606 1701 652 iprum-

923 650 1005 698 σθινια
1021 651 1074 712 (sic)
1084 655 1122 702 διὰ
1135 654 1194 714 μέλι.
1205 681 1237 690 -
1249 661 1258 704 l
1271 672 1342 721 ηρπεν
1356 657 1410 718 (sic)
1423 658 1495 718 cod..
1505 661 1658 722 supemmsilo
1672 665 1700 710 εἰ.

923 745 953 754 -
970 725 984 769 3
1002 726 1036 776 τίς
1054 723 1114 772 cod.
1137 726 1206 773 lincis
1225 739 1269 788 pro
1290 728 1379 787 βουσίν,
1391 731 1416 777 ei
1437 731 1520 792 repete
1539 729 1657 790 ίπόμενος.
1671 757 1703 766 -

924 797 937 840 5
951 791 1071 842 κάππεσεν
1084 795 1115 850 είς
1127 796 1192 845 elan.
1207 795 1263 846 edd.
1277 797 1396 860 plurime.
1411 817 1422 840 ι
1438 799 1556 862 Ἀτρυγὲς,
1569 801 1633 850 sieut
1648 815 1703 850 ter·-

922 859 982 909 bum
994 869 1079 926 τρυγᾱν
1099 877 1114 913 a
1133 865 1309 917 vindemiatore
1325 867 1357 918 ad
1372 869 1490 932 apiarium
1509 871 1634 922 transtulit
1650 874 1702 920 llo·

923 929 997 982 sellus
1011 936 1055 990 lll.
1068 939 1107 986 ³5.
1120 955 1131 979 ν
1142 940 1196 987 tac.
1210 938 1286 988 Boias.
1301 937 1428 989 referenda
1440 939 1535 1004 putarit
1547 940 1601 992 lraec
1610 940 1702 992 scholia

923 1003 1010 1054 wecil.
1024 1025 1029 1053 :
1042 1005 1158 1068 (ἀτρυγὲς)
1166 1009 1269 1068 ἄθικτον,
1283 1009 1403 1068 δυσκόλως
1419 1011 1557 1072 τρυγηθῆναι
1577 1012 1703 1074 θυνᾰμενον

923 1074 960 1121 διὰ
976 1076 1017 1132 τὴν
1036 1078 1171 1139 δυσχέρειαν
1192 1083 1234 1128 τοῦ
1252 1079 1361 1140 λόγονῆ
1380 1081 1527 1144 κακοτρυγές.
1540 1083 1571 1130 Ei
1595 1101 1600 1130 :
1622 1082 1701 1138 ὤνιον)

923 1146 1035 1200 ἀντάξιον.
1045 1148 1174 1210 ἀγοραστθν
1187 1155 1227 1208 τῆς
1241 1154 1331 1213 ψυχῆς,
1345 1151 1402 1213 arip
1422 1151 1450 1200 οὗ
1471 1153 1514 1210 τὴν
1534 1153 1613 1214 ψυχὴν
1634 1153 1702 1202 ind·

923 1219 988 1264 isne·
1004 1219 1044 1266 καί
1059 1217 1124 1267 ὤνιοι
1136 1220 1244 1268 δικασταί
1257 1221 1298 1268 καί
1309 1221 1377 1277 ὤνιος
1392 1221 1478 1282 μὲταξα
1491 1223 1590 1283 λέγεται.

955 1369 1085 1418 ncxxlli.
1101 1372 1201 1418 Lemma
1215 1390 1220 1418 :
1234 1372 1266 1424 ei:
1277 1371 1349 1418 παῖδα
1360 1375 1400 1426 τῆς
1415 1371 1498 1432 μητρὸς
1513 1371 1644 1428 τεθνηκυίας
1660 1373 1700 1426 θη-

923 1441 1028 1497 λάξοντα.
1041 1457 1052 1480 ι
1066 1439 1189 1502 Scriptum
1203 1437 1302 1490 videtur
1318 1438 1345 1488 iu
1364 1437 1473 1490 tabulam
1485 1439 1574 1502 pictam
1588 1439 1703 1490 Aristidis

922 1509 1043 1570 Thebani,
1060 1507 1091 1560 de
1108 1522 1157 1573 qua
1176 1509 1269 1560 Plinius
1285 1511 1378 1568 xxxi,
1400 1509 1465 1572 10‚§
1480 1513 1566 1559 l9:ts
1586 1512 1703 1559 sirmium

923 1584 1024 1646 primus
1039 1582 1160 1630 animum
1180 1581 1296 1643 pinxit...
1313 1581 1401 1642 ttujm
1422 1581 1530 1644 pictura
1543 1582 1592 1642 rat,
1607 1581 1703 1644 oppido

924 1653 1003 1716 copto
1015 1649 1052 1700 od
1065 1653 1159 1700 matria
1172 1653 1305 1700 irrorlentir
1320 1651 1455 1700 evrrtnere
1468 1661 1611 1700 manentum
1625 1651 1703 1700 ndre-

774 1762 877 1812 pwoem·
921 1735 988 1787 pens
1002 1721 1105 1786 insnum
1118 1721 1324 1784 inteilipiturpue
1341 1724 1439 1770 rcrrtlre
1455 1723 1542 1770 rrrater
1558 1723 1582 1769 et
1596 1723 1702 1781 timere,

923 1807 956 1842 ne
970 1794 1087 1843 errroriuo
1100 1792 1168 1842 lucie
1181 1795 1338 1854 sanquinem
1362 1792 1471 1843 larrrdui.
1491 1793 1566 1842 Poeta
1587 1792 1704 1842 iniantenr

923 1862 1064 1926 alloquitur.
1087 1883 1099 1905 ν
1118 1865 1224 1912 Ιαο.-
1241 1867 1251 1912 t
1269 1863 1367 1919 θνιλξιις
1390 1863 1492 1912 Salmas.
1514 1866 1542 1912 ut
1562 1875 1592 1912 ex
1614 1863 1704 1912 (lodice

923 1934 1044 1998 ascripsit.
1056 1959 1085 1968 -
1097 1939 1111 1982 l
1123 1935 1292 1993 ιιιιιοιςθεμέιοτ
1311 1932 1372 1983 Ced.
1385 1960 1416 1969 —
1428 1937 1442 1982 l
1455 1933 1536 1994 etima
1551 1936 1594 1992 κήν
1605 1951 1635 1990 εις
1648 1935 1704 1996 (lroe

923 2004 1022 2067 qrridem
1053 2001 1151 2066 punctis
1183 2002 1351 2063 subnotatum)
1372 2003 1426 2060 itin
1451 2003 1596 2064 coadoranda
1620 2005 1703 2064 ἔμαθεν

924 2075 995 2132 Cod.;
1008 2092 1030 2136 φ.
1043 2076 1082 2122 κοιλ
1093 2075 1127 2123 aiv
1136 2073 1190 2134 iride
1202 2074 1355 2136 παιδοκομιῐν
1366 2071 1538 2134 lucdowicus„
1549 2077 1702 2136 postremum

923 2145 994 2194 male.

954 2289 1083 2338 Dcxlttv.
1101 2289 1201 2336 Lemma
1217 2306 1223 2335 ι
1238 2289 1270 2344 εἰς
1282 2287 1344 2342 τινὰς
1358 2286 1381 2335 ir
1395 2292 1429 2347 τῷ
1443 2285 1519 2348 Ἰονίῳ
1538 2286 1618 2349 κόλπῳ
1632 2303 1703 2335 ναυα-

923 2359 1047 2419 γήσαντας.
1055 2385 1083 2395 -
1095 2364 1109 2407 3
1123 2359 1138 2414 ἢ
1148 2358 1201 2412 τοὺς
1211 2361 1266 2413 σοὺς
1276 2356 1348 2412 eod..
1357 2357 1460 2406 alterum
1472 2355 1538 2406 Plan.
1547 2385 1578 2397 -
1587 2360 1610 2405 l.
1619 2376 1630 2398 ιι
1642 2359 1702 2406 Ver·

923 2429 982 2478 bum
992 2430 1109 2488 ὀπίζομαι,
1120 2427 1140 2476 si
1150 2439 1208 2477 sana
1217 2429 1255 2477 esi
1266 2426 1348 2485 lectio,
1357 2440 1405 2476 uon
1415 2427 1538 2488 uulgarem
1549 2425 1703 2488 significatio·

923 2512 979 2548 nem
992 2497 1081 2558 habet,
1094 2497 1137 2548 sed
1148 2511 1192 2560 pro
1207 2498 1327 2546 ὀπιπτιύοι
1337 2500 1375 2546 est
1385 2497 1499 2561 positum.
1519 2518 1530 2540 ν
1547 2499 1606 2547 icc.
1624 2499 1704 2546 Locus

924 2568 1152 2618 commemorandus
1165 2573 1216 2618 crat
1229 2567 1254 2616 in
1266 2567 1339 2617 Thes.
1353 2593 1383 2603 —
1395 2575 1417 2618 5.
1431 2569 1504 2630 ἄλγεα
1516 2569 1555 2614 καί
1569 2568 1582 2592 *
1598 2567 1626 2614 λα
1641 2568 1702 2628 βίων

923 2643 979 2688 ὀσον
1000 2637 1098 2700 (deiude
1115 2639 1139 2687 in
1162 2653 1239 2688 vacuo
1264 2639 1343 2702 spatio
1363 2651 1455 2687 rasurae
1480 2636 1591 2698 vestigia)
1612 2635 1701 2686 codex.

925 2710 1001 2759 Etiam
1014 2709 1114 2758 salmas.
1130 2709 1162 2760 ad
1176 2710 1232 2758 ὅσον
1246 2728 1252 2757 ι
1269 2727 1280 2750 ν
1294 2708 1393 2770 Aliquot
1406 2707 1484 2757 litera
1496 2706 1590 2756 derasas
1606 2709 1672 2754 sunt.
1689 2727 1701 2748 ν

924 2783 952 2830 in
964 2781 1032 2830 Plan.
1045 2799 1051 2828 :
1062 2779 1145 2838 ’Λλγια
1157 2781 1196 2828 καὶ
1206 2779 1296 2828 indiam
1306 2781 1370 2828 ὁουυ.
1380 2777 1511 2826 Salmasius
1522 2777 1560 2824 καὶ
1570 2777 1703 2836 dedimiae,

929 2853 955 2900 ὃν
969 2853 1046 2910 drop.
1061 2850 1179 2900 Broduus
1194 2870 1200 2898 :
1214 2854 1248 2900 AE
1265 2853 1288 2900 et
1298 2851 1324 2900 et
1338 2849 1548 2911 nonnumquam
1560 2857 1619 2896 eum
1630 2850 1704 2896 sociis

924 2926 948 2972 et
968 2922 1095 2970 comitatu
1112 2865 1268 2983 adsumsisti.
1291 2919 1396 2968 iluelius
1413 2937 1420 2966 ι
1436 2920 1507 2978 Αἰγέα
1529 2918 1568 2966 καὶ
1581 2917 1703 2973 dodilone

924 2996 947 3042 iv
967 2994 1157 3052 demeum,
1177 2991 1301 3040 Miconis
1318 2986 1416 3052 filiurn,
1436 2989 1547 3050 Denique
1570 2987 1704 3036 Brunclius

924 3064 1005 3112 locum
1013 3064 1041 3111 ut
1048 3061 1130 3112 editur
1138 3060 1272 3111 constituit.
1283 3086 1315 3096 -
1324 3065 1346 3108 ri.
1358 3080 1369 3102 ν
1383 3062 1428 3108 Ριο
1441 3059 1548 3108 θάλασσα
1559 3063 1605 3116 νῆα
1613 3059 1704 3120 inputa-i

924 3133 1005 3198 aptius
1028 3131 1103 3182 tuerit
1125 3133 1216 3196 ispali,
1241 3131 1388 3194 depiuliuit.
1407 3149 1419 3172 ν
1439 3127 1542 3178 Lodeet.
1564 3129 1705 3178 ltlrematico

923 3219 948 3266 p.
962 3207 1000 3262 93,
1014 3216 1039 3251 n.
1054 3209 1092 3252 iu.
1107 3201 1203 3252 Jacobs.
1218 3201 1321 3252 contulit
1338 3200 1475 3262 Philippum
1495 3201 1538 3258 ill,
1549 3211 1587 3260 ep.
1600 3202 1653 3258 tal,
1668 3207 1681 3248 5
1697 3218 1702 3246 :

924 3275 996 3323 ὠίετο
1005 3273 1026 3322 θ’
1036 3273 1160 3328 οίκτίστιυς
1173 3275 1278 3335 βρυχθείς
1293 3273 1346 3331 ίιλί,
1360 3273 1385 3320 ei
1397 3271 1503 3332 βρύχιος.
1515 3269 1662 3331 θποθρύχιος.
1675 3281 1702 3303 -’-

925 3345 987 3394 Huic
999 3343 1166 3407 epigrammati
1179 3343 1203 3391 iu
1214 3342 1303 3392 Codice
1315 3341 1378 3392 male
1390 3338 1499 3390 adheret
1512 3337 1618 3401 primurn
1632 3337 1701 3387 disti·

924 3415 986 3464 chon
1000 3414 1109 3478 pmrime
1123 3413 1256 3475 sequentis.

955 3569 1069 3618 nexili.
1087 3568 1187 3616 Lemma
1200 3585 1205 3611 ι
1217 3565 1249 3618 είς
1257 3561 1374 3623 Διὸθουρον
1383 3561 1423 3609 τὸν
1434 3561 1585 3620 Καλλιγίνους
1593 3559 1703 3618 ναυαγὸν,

923 3641 963 3688 τὸν
972 3638 1097 3688 Ὀλύνθιον.
1113 3636 1174 3696 Qui,
1185 3634 1263 3682 multa
1276 3631 1353 3681 maris
1369 3630 1471 3680 leliciter
1480 3641 1606 3688 emensus,
1618 3630 1642 3678 in
1651 3628 1705 3691 ipso

923 3712 995 3773 portu
1014 3709 1070 3758 navi
1084 3718 1206 3757 excussus
1220 3707 1266 3754 est.
1277 3730 1307 3740 -
1320 3709 1341 3752 l.
1354 3721 1364 3744 ι
1380 3702 1431 3750 Ἐπ’
1441 3701 1551 3751 Ἄτλαντα
1561 3736 1567 3758 ,
1579 3699 1644 3748 ultra
1661 3712 1704 3747 co-

924 3780 1018 3828 lumnas
1038 3775 1157 3826 Herculis.
1181 3776 1238 3822 llox
1252 3773 1346 3834 κύματα
1366 3785 1414 3819 uon
1429 3769 1517 3832 pendet
1537 3767 1568 3818 ab
1585 3768 1704 3818 infinitivo

923 3855 999 3911 τιμιῑν
1012 3845 1156 3910 supplendo,
1172 3843 1216 3894 sed
1228 3843 1259 3892 ab
1272 3843 1349 3891 elicito
1360 3859 1366 3889 ι
1379 3840 1422 3902 qui
1443 3852 1509 3888 mare
1529 3841 1630 3888 noverat
1643 3839 1701 3886 Gre-

923 3919 1000 3970 ticum
1011 3921 1036 3967 ot
1047 3915 1224 3980 navigationem
1237 3925 1280 3977 per
1296 3911 1433 3974 superiores
1447 3910 1520 3959 etiam
1531 3911 1614 3972 partes
1629 3906 1704 3956 rumis

923 3989 1074 4054 periclitatus
1094 3987 1181 4036 tuerat.
1199 3985 1291 4035 Πόντου
1307 3985 1418 4044 μέλανος,
1437 3983 1465 4030 ut
1483 3993 1522 4041 ap.
1540 3980 1612 4027 ilum.
1628 3977 1655 4026 ll.
1671 3982 1702 4036 tl,

923 4068 962 4122 79,
987 4063 1075 4124 μείλανι
1099 4058 1186 4120 πόντῳ.
1206 4058 1239 4105 nt
1259 4057 1342 4104 nostro
1366 4052 1420 4101 loco
1440 4048 1568 4114 peculiaris
1590 4047 1704 4110 quudanr

922 4133 998 4184 maris
1004 4143 1061 4196 pars
1068 4129 1167 4191 intelligi
1177 4127 1257 4176 delret.
1269 4129 1303 4174 lle
1312 4129 1393 4173 autem
1400 4121 1431 4171 de
1445 4123 1521 4169 l’onto
1532 4119 1626 4168 Euxino
1638 4120 1702 4182 mgi-

923 4189 1703 4266 tes,quemrecentioresniprnnrappellantselatliueiau.adr.
1737 4211 1739 4218 ι

923 4273 1041 4336 indoct.§
1057 4275 1093 4330 ll,
1107 4269 1149 4319 ubi
1164 4268 1195 4318 de
1211 4265 1309 4330 orpheo
1321 4279 1336 4315 a
1349 4263 1495 4314 mulieribus
1513 4261 1650 4323 decerpto,
1663 4263 1704 4318 τὴν

924 4347 1023 4410 κεφαλὴν
1034 4345 1107 4392 αὑτοῦ
1120 4342 1163 4391 σὺν
1175 4347 1203 4400 τῇ
1218 4339 1275 4402 λύρα
1288 4339 1320 4393 είς
1340 4337 1380 4385 τὸν
1393 4335 1477 4397 Ἒθρον
1491 4334 1650 4396 ἐμπεσοῦσαν,
1661 4334 1702 4393 ἐμ-

924 4420 1035 4476 θληθῆνοιι
1045 4415 1078 4464 eis
1087 4414 1126 4462 τὀν
1137 4413 1223 4474 μελανοι
1236 4410 1328 4458 πόντον.
1337 4406 1407 4456 Unde
1416 4407 1515 4467 apparet
1524 4401 1704 4466 irrielligendurn

923 4499 977 4536 esse
992 4485 1071 4535 sinum
1087 4482 1161 4532 maris
1183 4479 1309 4536 Tlrmriei,
1322 4490 1394 4540 quern
1415 4475 1447 4524 ab
1464 4475 1591 4524 altitudine
1611 4475 1705 4523 Μέλανα

923 4556 1071 4620 appellatum
1084 4565 1138 4602 esse
1152 4552 1225 4602 docet
1238 4549 1340 4612 opplan.
1356 4547 1409 4596 lial.
1421 4543 1701 4606 tv‚srl.cont.n1nlt.

924 4626 1000 4677 ltlrod.
1017 4628 1036 4684 l.
1049 4631 1094 4676 922
1117 4637 1168 4686 seq.
1179 4626 1242 4672 -9,
1259 4617 1422 4682 Οίγιιῑίιυινιε
1440 4616 1550 4678 Philippo
1573 4613 1704 4664 llacedone

925 4697 1035 4748 funditus
1048 4708 1159 4744 eversam
1168 4705 1222 4742 esse
1235 4690 1295 4740 salis
1307 4691 1412 4739 eoiretat.
1427 4690 1461 4736 Ex
1472 4686 1519 4734 noo
1531 4685 1704 4748 epigrammate

924 4767 1007 4830 igilur,
1022 4765 1120 4814 duobus
1133 4775 1202 4826 pmne
1217 4759 1315 4810 suculis
1328 4761 1383 4822 post
1401 4755 1463 4806 illud
1484 4759 1582 4816 tempus
1598 4751 1703 4812 scripto,

924 4839 1035 4888 ileislius
1048 4835 1177 4898 colligebat
1195 4833 1328 4894 Olynthum
1340 4845 1354 4878 e
1367 4827 1443 4877 minis
1457 4825 1509 4876 auis
1527 4821 1702 4898 resurrexisse,

924 4905 1063 4960 tacentibus
1077 4906 1133 4955 lieet
1143 4903 1314 4963 tristoricisque
1326 4902 1351 4949 et
1362 4895 1511 4962 geographis.
1524 4895 1555 4942 nt
1564 4890 1704 4940 vetustioris

923 4979 1052 5046 cujusdam
1064 4979 1144 5041 poetas
1156 4987 1263 5032 armen,
1280 4975 1307 5020 ul
1322 4971 1347 5019 in
1368 4967 1479 5032 plurimis
1492 4965 1557 5024 aliis,
1571 4962 1606 5012 sie
1619 4961 1644 5010 in
1658 4960 1704 5008 inre

924 5063 1023 5115 quoque
1038 5047 1211 5112 epigrammate
1220 5041 1368 5107 expressisse
1378 5037 1455 5088 rideri
1467 5036 1539 5085 debet
1547 5033 1679 5111 Aritipater.
1691 5051 1702 5072 ν

924 5125 982 5170 iar.
996 5147 1025 5155 -
1039 5119 1137 5172 εδαιτὸς
1155 5117 1217 5165 inei
1233 5115 1260 5162 ri
1277 5132 1304 5166 ιι.
1316 5111 1428 5172 ὅτ’ἢμιιν
1442 5101 1634 5182 Εοιλιυιιιοθυιι
1648 5113 1702 5148 cur·

924 5189 1056 5240 rectionem
1079 5187 1126 5236 imi
1149 5183 1241 5246 recepit
1253 5179 1341 5237 Boias,
1356 5187 1505 5239 qrramquam
1518 5183 1569 5233 lpse
1580 5171 1632 5218 ise.
1647 5181 1704 5216 curn

927 5259 1046 5312 ltrurrrliu
1057 5255 1203 5322 frain-cunr
1221 5255 1269 5302 ἐπεὶ
1282 5253 1309 5300 τί
1328 5268 1353 5298 π.
1366 5249 1503 5309 dripere,
1518 5241 1606 5292 noislll
1620 5253 1704 5290 emen·
