3962 5936
585 465 708 526 CAPUT
727 468 763 526 V.
786 468 1063 529 EPIGRAMMATA
1083 471 1292 532 olinthum.
1694 480 1729 538 st

179 586 230 654 dte
245 597 327 672 μόνη,
344 595 451 688 μικρδγ,
466 595 530 676 πρὸς
542 597 616 669 Διὸς,
630 599 791 666 ἐσκολίσαις.

137 681 209 743 Εἰπὲ
224 683 251 741 δὲ
265 692 384 759 σημεῖον,
402 683 503 759 μεθύων
515 685 554 743 ότι
569 685 614 743 καὶ
628 685 669 743 διδι
684 689 794 746 κλωπῶν

180 761 268 848 ἦλθον,
285 768 385 850 Ἔρωτι
397 775 486 850 θρασεῖ
500 769 633 850 χριόμενος
646 773 766 850 ἡγεμόνι.

366 935 435 986 211.
451 928 689 988 ΜΕΛΕΑΓΡΟΥ.

135 1063 302 1141 Σραιριατθν
315 1063 359 1122 τὸν
368 1061 477 1142 Ἔρωτα
490 1063 584 1143 τρέμω·
595 1064 635 1122 col
651 1065 685 1136 δ’,
701 1065 870 1146 Ἡλιοδώρα,

179 1149 268 1227 βάλλει
282 1148 329 1206 τόν
344 1151 370 1206 ἔν
383 1149 441 1225 ἐμοὶ
457 1150 624 1224 παλλομέναν
640 1151 759 1230 κραδίαν.

135 1235 208 1294 Ἀλλ’
219 1236 266 1313 ἄγε
276 1237 443 1313 συμπαίκταν
460 1236 530 1303 δέξαι
546 1236 641 1296 Πόθον·
653 1241 675 1295 εἰ
690 1240 713 1295 δ’
727 1239 779 1296 άπὸ
793 1246 837 1298 σεῦ
850 1265 882 1314 με

180 1322 282 1404 βίψαις,
295 1325 341 1382 οὐκ
355 1323 418 1381 οἴσω
431 1322 479 1382 τθιν
491 1323 668 1404 ἀπάλαιστρον
684 1325 765 1406 θόριν.

395 1483 457 1534 215.
477 1485 536 1531 ΤΟΥ
554 1487 659 1535 mot.

132 1614 261 1690 Alccop',
274 1612 373 1695 Ἔρως,
385 1615 429 1673 τόν
442 1614 570 1694 ἄγρυπνον
588 1618 646 1695 ἐμοὶ
661 1619 738 1677 πόθον
751 1619 911 1702 Ἡλιοδώρας

176 1702 304 1778 κσίμισον,
321 1703 445 1769 αἰδεσθεὶς
458 1705 566 1764 Μοῦσαν
579 1705 645 1780 ἐμὴν
659 1707 749 1768 ἱκέτιν.

131 1789 190 1848 Ναί
204 1789 254 1868 γδιρ
266 1790 298 1859 δὴ
313 1791 346 1848 τδι
361 1789 395 1847 cb
408 1788 526 1861 τόξα,τθι
541 1783 577 1866 μή
593 1793 765 1868 δεδιδαγμένοι
782 1798 888 1874 βάλλειν

175 1875 268 1947 άλλον,
280 1876 319 1934 ἀεὶ
331 1877 352 1934 δ’
364 1877 404 1935 ἐπ’
420 1877 477 1953 ἐμοὶ
488 1876 575 1948 πτηνθι
584 1877 684 1958 χέοντα
701 1879 776 1954 βέλη,
798 1883 801 1890 ’

132 1965 157 2020 el
172 1962 217 2021 καί
232 1986 265 2039 με
276 1963 403 2039 κτείναις,
417 1963 500 2043 λείψω
510 1965 596 2043 φωνην
610 1967 732 2044 προϊέντα

174 2050 320 2129 γράμματ’·
333 2079 345 2103 ι
363 2048 481 2130 Ἔρωτος
493 2053 554 2131 όρα,
568 2053 633 2120 ξεῖνε
644 2100 653 2130 ,
669 2057 816 2137 μιαιρονίην
828 2087 850 2115 ν.

245 2217 312 2268 nc.
329 2209 497 2270 tristor
511 2191 797 2275 exoriantur.

130 2363 168 2419 Ei
184 2359 296 2438 φιλέεις,
312 2361 348 2436 μὴ
364 2362 475 2439 πάμπαν
490 2364 685 2423 ὑποκλασθέντα
695 2367 830 2448 χαλάσαης

175 2451 255 2523 θυμὸν
269 2452 407 2528 ὀλισθηρῆς
419 2449 530 2526 ἔμπλεον
545 2453 652 2524 ἱκεσίης·

130 2535 203 2592 ἀλλά
215 2559 242 2592 τι
255 2538 299 2594 καὶ
308 2537 422 2616 ρρονέοις
436 2538 627 2618 στεγανώτερον
635 2584 643 2610 ,
657 2537 733 2599 όσσον
751 2543 859 2620 ἐρύσσαι

173 2622 284 2701 θρρύας,
299 2621 376 2682 όσαον
391 2625 452 2681 ἰδεῖν
469 2624 602 2703 βλέμματι
613 2628 765 2708 φειδομένῳ.

128 2705 231 2786 Ἔργον
242 2711 292 2788 γάρ
306 2734 331 2768 τι
340 2709 453 2788 γυναιξὶν
468 2714 640 2790 ὑπερφιάλους
656 2715 778 2793 ἀθερίζειν

172 2797 219 2853 καὶ
230 2798 440 2877 κατακαγράζειν
452 2803 502 2856 τῶν
516 2800 582 2876 άγαν
593 2802 772 2879 οἶκτροτάτων.

131 2887 229 2952 Κεῖνος
247 2885 268 2942 δ’
286 2887 354 2943 ἐστὶν
371 2887 474 2963 ἄριστος
489 2886 621 2967 ἐρωτικός,
635 2889 662 2952 ός
675 2889 737 2947 τάδε
749 2889 817 2966 μίξει

173 2961 258 3030 οἶκτον
274 2971 340 3050 ἔχων
353 2973 428 3052 ὀλίγῃ
445 2972 515 3040 Ευνδν
531 2973 666 3053 ἀγηνορίῃ.

248 3139 316 3188 211.
338 3131 492 3190 ΠΑΥΛΟΥ
515 3131 798 3192 ΣΙΛΕΝἸῚΑΡΙΟΥ.

128 3281 250 3361 Χρύσεος
263 3281 405 3362 άψοιόστοιο
419 3282 555 3358 διέτμαγεν
570 3283 648 3359 άμμα
663 3284 765 3360 κορείας

172 3368 253 3442 Ζεὺς,
268 3370 355 3435 διαδὺς
369 3373 473 3436 Δανάας
484 3373 661 3449 χαλκελάτους
676 3372 815 3448 θαλάμους.

126 3457 214 3532 daupi
227 3457 310 3534 λέγειν
321 3457 364 3514 τὸν
380 3463 456 3534 μῦθον
470 3456 520 3534 ἐγὼ
530 3457 599 3517 τάδε·
616 3485 628 3509 ι
640 3460 741 3536 χάλκεα
755 3467 817 3538 νικᾷ

171 3547 263 3626 τείχεα
276 3547 320 3606 καί
332 3546 441 3622 δεσμοὺς
455 3548 551 3626 χρυσὸς
566 3551 580 3604 ό
593 3549 782 3626 πανδαμάτωρ.
798 3573 809 3599 ν

126 3635 237 3712 Χρυσὸς
246 3633 318 3700 ὅλους
331 3639 458 3716 ῥυτῆρας,
472 3635 533 3701 όλας
545 3635 653 3705 κληῖδας
665 3635 766 3715 ἐλέγχει
778 3681 785 3705 ,

169 3723 268 3802 χρυσὸς
281 3724 434 3800 ἐπιγνάπτει
449 3723 493 3788 τὰς
504 3721 758 3802 σοόαροὸλεράρους·

125 3811 177 3869 καὶ
194 3811 298 3878 Δανάας
312 3811 441 3889 ἐλόγωσεν
453 3809 494 3869 ὅδε
505 3810 595 3888 φρένα.
610 3811 655 3881 Μή
669 3833 706 3875 τις
718 3810 827 3890 ἐραστθς

169 3899 300 3958 λισσέσθω
315 3899 432 3978 Παφίαν,
448 3899 567 3978 ἀργύριον
579 3897 714 3976 παρέχων.

420 4141 475 4189 215.
493 4157 628 4188 manarent.

126 4277 176 4321 Fac
190 4288 272 4321 curam
281 4309 288 4333 ,
298 4289 345 4336 qua
355 4289 392 4322 me
402 4251 483 4336 οοηυίῐΙ
492 4274 630 4333 Heliodoro,
641 4274 743 4337 Cupido,

162 4353 276 4402 Dormiat
287 4369 293 4402 :
308 4353 354 4403 boc
365 4355 464 4419 supplex
474 4364 497 4403 te
509 4370 563 4402 mea
573 4358 642 4402 Musa
653 4363 728 4417 rugat.

126 4439 191 4484 Jnrc
205 4444 258 4483 tuos
270 4450 347 4495 arcus,
361 4435 421 4484 alios
432 4435 474 4499 qui
486 4435 573 4484 laedere
585 4437 664 4484 nullos

162 4519 225 4566 eum
232 4517 332 4576 soleant,
344 4518 369 4566 iu
379 4533 417 4565 me
428 4517 517 4582 spicula
526 4534 620 4582 semper
632 4517 722 4566 babent
738 4533 743 4565 :

126 4601 152 4650 Si
166 4615 212 4664 per
224 4607 249 4648 tc
261 4599 358 4658 moriar,
373 4599 461 4662 scripta
473 4598 524 4648 hac
536 4615 578 4662 ego
592 4599 663 4648 rerba
679 4600 812 4663 relinquam
827 4613 832 4646 :

161 4686 272 4748 Hospes,
282 4687 356 4731 Amor
367 4681 479 4746 quamsit
491 4691 546 4730 trux
556 4681 691 4744 homicida,
704 4681 775 4730 sides.

360 4837 416 4884 no.
431 4851 544 4884 icarum
559 4851 687 4884 entreats.

125 4986 246 5051 Quisquis
256 5000 331 5048 amas,
343 4985 444 5034 nimium
458 4987 583 5036 demittere
595 4987 700 5050 supplice
712 4987 759 5034 ritu

160 5073 259 5128 Temet,
270 5078 295 5118 et
309 5069 338 5118 ad
350 5084 429 5118 sertas
440 5085 511 5134 parce
523 5069 604 5117 venire
614 5084 710 5133 preces:

125 5156 177 5206 Sed
190 5153 279 5203 tollens
289 5152 383 5202 animos
391 5153 466 5202 oculis
477 5151 630 5218 parcentibus
644 5153 717 5217 ipsam

163 5238 255 5304 Aspice
268 5245 294 5284 ct
305 5233 450 5300 intrepidum
462 5237 520 5286 tolle
533 5234 694 5302 supercilium.

245 5327 403 5370 tnruotoets.
424 5328 450 5391 t..

938 647 939 650 ,
991 611 1026 660 sic
1037 611 1096 672 sols,
1104 611 1240 673 paululum,
1252 623 1296 676 per
1306 613 1402 672 durem,
1413 626 1454 662 nte
1463 614 1621 666 intro-rocas.

958 703 992 748 Ac
1006 697 1081 747 dicitu
1094 696 1143 747 hoc
1158 698 1253 762 siguum
1271 713 1278 740 τ
1304 699 1371 762 quod
1389 701 1471 775 ebrius
1483 704 1508 754 at
1519 715 1563 762 per
1579 703 1645 754 tures
1664 707 1729 754 inst-

987 787 1058 848 reni,
1083 790 1172 838 Amore
1184 788 1271 838 audaci
1282 803 1344 840 usus
1353 789 1423 841 duce.
1456 857 1466 872 ο
1610 793 1730 857 [dientes

1226 940 1279 986 att.
1298 940 1463 991 MELEAGRI.

957 1061 1211 1125 Pila-luderepcritum
1221 1069 1332 1116 imorem
1344 1068 1383 1117 alo
1395 1083 1401 1112 ι
1414 1069 1459 1119 tihi
1469 1083 1536 1130 vero,
1546 1069 1682 1125 Heliodura.

983 1149 1043 1210 iacit
1056 1149 1123 1212 quod
1134 1150 1160 1199 in
1173 1165 1212 1201 me
1222 1151 1324 1215 palpitat
1334 1167 1385 1205 cor.
1647 1157 1730 1221 [teme

956 1237 1002 1286 Sed
1011 1251 1055 1300 age
1070 1238 1214 1287 collusorem
1223 1253 1293 1288 sume
1302 1240 1453 1303 Cupidinem.
1466 1244 1489 1294 si
1500 1248 1582 1294 autem
1591 1247 1729 1310 procul-ahs

983 1325 1066 1386 jacias,
1079 1339 1128 1374 nun
1139 1326 1214 1375 teram
1224 1327 1598 1394 palaestrmcontrarismlegilus
1608 1333 1727 1397 injuriam.

1220 1494 1274 1540 215.
1295 1499 1445 1545 ntusntttt.

958 1625 1051 1682 Precor,
1064 1623 1167 1686 Cupido,
1177 1625 1287 1677 insomne
1300 1627 1361 1678 mihi
1376 1629 1525 1680 desiderium
1537 1634 1671 1686 Heliodorta

985 1709 1045 1772 supi,
1055 1712 1175 1762 reveritus
1185 1715 1282 1764 Musam
1296 1728 1375 1766 meam
1388 1718 1532 1782 supplicem.

954 1800 1015 1846 Sane
1029 1798 1093 1848 enim
1104 1812 1148 1862 per
1158 1799 1212 1849 illas
1224 1804 1281 1851 tuas
1291 1804 1399 1866 sagittas,
1410 1818 1468 1868 ηοω
1478 1819 1527 1856 nun
1539 1807 1646 1859 didicere
1658 1811 1730 1862 leriro

982 1885 1065 1947 rhum,
1078 1886 1122 1936 sed
1132 1899 1227 1951 semper
1241 1890 1267 1938 in
1276 1904 1315 1940 me
1324 1891 1461 1943 tunduntur
1472 1895 1536 1944 alala
1547 1897 1605 1960 tela,

954 1971 1025 2020 sime
1036 1970 1109 2020 etiam
1122 1973 1227 2036 occidas,
1240 1975 1375 2039 relinquam
1389 1991 1473 2028 rocem
1482 1980 1583 2032 edentes

983 2058 1065 2108 literas
1078 2073 1083 2101 τ
1097 2077 1110 2102 ι
1124 2061 1219 2111 Amans
1231 2062 1296 2124 ride,
1306 2063 1405 2127 hospes,
1414 2064 1579 2119 homicidium.
1593 2091 1605 2115 ο

1121 2234 1174 2280 216.
1193 2233 1340 2282 AGATHIAE
1356 2235 1563 2289 sottomsttct.

953 2369 978 2416 si
993 2382 1075 2430 amas,
1087 2383 1118 2419 ue
1127 2383 1227 2432 prorsus
1238 2372 1381 2424 inclinatum
1394 2375 1462 2426 laxes

983 2455 1091 2504 animum
1100 2457 1306 2508 se-sutmittentts
1315 2460 1414 2522 plenum
1423 2464 1602 2526 supplicationis
1613 2483 1618 2510 =

954 2542 1080 2592 sedetiam
1094 2543 1189 2594 firmius
1198 2545 1314 2607 quiddam
1329 2548 1416 2610 cogita,
1429 2552 1522 2602 tantuin
1538 2554 1657 2616 uterlgas

984 2629 1239 2692 supercilia,quantum
1247 2634 1282 2681 cst
1290 2637 1400 2695 spectare
1406 2637 1477 2686 oculo
1483 2641 1598 2700 parcenti.
1611 2641 1728 2704 [temnere

953 2719 1021 2780 Opus
1031 2717 1095 2766 enim
1109 2719 1145 2767 cst
1153 2719 1295 2770 mulieribus
1305 2721 1354 2771 t‘erc
1366 2727 1529 2788 conueniens,
1541 2729 1659 2791 superbos
1670 2747 1727 2784 oon·

983 2804 1125 2855 etderidere
1140 2806 1211 2856 nimis
1219 2806 1375 2858 miserabiles.
1633 2817 1725 2884 lacebit,

953 2893 978 2940 ls
993 2893 1076 2941 autem
1089 2895 1126 2942 cst
1137 2891 1226 2955 optime
1238 2893 1557 2962 ademeram-comparatus,
1568 2905 1610 2965 qui
1622 2904 1674 2956 λειω
1683 2909 1724 2960 mi-

983 2978 1128 3042 debile-quid
1142 2980 1233 3031 habeus
1247 2995 1304 3031 cum
1317 2983 1385 3034 tenid
1396 2985 1510 3048 junctum
1524 2991 1645 3052 superbie.

1155 3158 1208 3203 217.
1228 3157 1319 3204 Pstttt
1339 3159 1533 3212 SlhENTldllll.

902 3285 906 3292 ¹
952 3304 1047 3349 Aureus
1060 3299 1157 3351 hrtacttc
1168 3303 1235 3365 rupit
1245 3304 1370 3354 vinculum
1387 3306 1529 3371 virginitatis

982 3387 1101 3449 luppiter,
1114 3391 1242 3450 penetrans
1253 3391 1278 3440 in
1287 3393 1382 3442 Danaes
1392 3394 1497 3444 aheneus
1506 3396 1631 3447 thalamos.

952 3478 996 3540 ijo
1009 3491 1052 3542 ego
1061 3491 1118 3528 curn
1129 3481 1240 3542 raythum
1252 3481 1305 3530 haec
1314 3482 1395 3532 dicere
1406 3505 1411 3533 :
1424 3503 1436 3526 ι
1450 3498 1531 3534 aeucos
1545 3487 1618 3536 vincit

980 3577 1064 3614 muros
1075 3567 1100 3614 ct
1111 3566 1209 3616 vincula
1224 3581 1313 3618 aurum
1322 3569 1388 3630 quod
1398 3571 1582 3622 omnia-domat.
1599 3595 1610 3616 ο
1660 3601 1661 3606 =

951 3657 1045 3700 Aunrm
1054 3666 1138 3702 onmes
1146 3651 1266 3714 habenas,
1279 3668 1362 3705 omnes
1372 3657 1452 3706 clares
1460 3659 1641 3722 reddit-irrites,

985 3751 1072 3786 aurum
1087 3738 1274 3790 llectitleminas
1287 3741 1542 3804 lustuns-superciliim

951 3825 1027 3875 etiam
1041 3828 1135 3876 Danaes
1147 3826 1213 3876 llcrit
1222 3827 1261 3876 hic
1270 3828 1386 3878 animum.
1402 3833 1437 3878 lle
1448 3831 1605 3892 quisatnator

981 3915 1065 3962 exoret
1075 3913 1200 3976 Paphiam,
1214 3915 1257 3975 qui
1269 3919 1395 3978 argentum
1407 3917 1507 3978 praebet.

952 4140 1057 4188 Feminei
1066 4138 1157 4203 generis
1171 4155 1222 4188 mos
1231 4149 1265 4188 est
1279 4139 1355 4188 odisse
1368 4141 1492 4206 superbos,

984 4225 1014 4270 Et
1031 4220 1194 4283 lutlumlracti
1205 4220 1282 4269 cordis
1294 4219 1383 4269 habere
1396 4222 1467 4272 viros.

952 4303 999 4365 Qui
1008 4302 1110 4350 sublime
1120 4303 1209 4368 aliquid
1222 4303 1292 4352 simul
1305 4313 1330 4352 et
1341 4305 1476 4354 miserabile
1491 4305 1595 4371 prefert,

984 4389 1049 4432 Inter
1062 4393 1178 4432 amatores
1193 4385 1212 4432 is
1221 4383 1280 4432 mihi
1292 4385 1382 4450 primus
1395 4386 1449 4433 erit.

1173 4549 1230 4594 217.
1251 4550 1323 4582 ruunt
1343 4551 1502 4586 diull'l'lhllll.

954 4667 1070 4727 Ingressus
1081 4668 1173 4714 Danaes
1186 4673 1257 4714 erata
1268 4664 1364 4724 cubilia,
1375 4667 1458 4716 clausae

985 4747 1096 4812 luppiter
1105 4747 1197 4811 ellregit
1209 4748 1286 4796 vinela
1296 4748 1424 4812 pudicitie.

954 4831 1042 4880 Fabula
1053 4847 1101 4879 non
1113 4831 1211 4879 dubium
1226 4841 1260 4880 est
1272 4832 1316 4880 sibi
1330 4832 1388 4896 quid
1398 4833 1456 4882 velit
1472 4851 1478 4883 :
1492 4850 1552 4883 aerea
1565 4845 1626 4886 tecta

985 4905 1141 4969 Omnipotens
1151 4921 1236 4954 autum
1250 4907 1375 4970 vinclaque
1390 4917 1474 4956 cuncta
1487 4909 1576 4957 domat.

954 4989 1019 5034 Auro
1033 4985 1134 5034 claustra
1146 4995 1237 5050 patent,
1249 5003 1334 5036 aurum
1349 4987 1415 5038 frena
1427 4987 1527 5038 abnuit:
1541 5005 1600 5038 aure

986 5069 1099 5118 Flectitur
1108 5077 1133 5117 et
1143 5070 1215 5134 prisci
1226 5071 1245 5119 si
1258 5087 1306 5136 qua
1320 5071 1440 5136 supercilii
1450 5081 1495 5122 cst.

955 5153 1050 5212 Vicerat
1064 5151 1110 5202 hoc
1122 5157 1229 5201 Danaen.
1239 5153 1299 5202 Auri
1311 5153 1350 5202 cui
1362 5153 1430 5219 copia
1440 5154 1511 5202 dandi
1523 5164 1566 5214 est,

987 5237 1027 5287 Nil
1039 5252 1097 5302 opus
1108 5246 1143 5286 est
1160 5235 1254 5302 Paphiae
1263 5237 1378 5302 supplicet
1392 5237 1433 5285 ille
1445 5235 1502 5286 dete.

1605 5324 1620 5368 7
