4018 5938
257 452 324 530 xviij

254 585 402 658 exiguum.
420 582 498 640 lnter
514 583 573 640 haec
591 603 678 659 quum
698 583 825 660 plurima
845 596 939 641 essent
959 603 1023 659 quae

255 671 290 728 ad
309 673 481 748 populorum
502 689 548 727 res
566 683 675 742 gestas,
703 669 738 727 ad
758 682 883 727 veterem
903 669 1020 726 urbium

256 759 439 826 memoriam,
481 757 720 832 singulorumque
752 757 903 814 bominum
933 757 1020 815 vitam

254 846 452 904 illustrandam
468 856 643 902 momentum
660 843 814 913 haberent,
839 842 952 914 Graeci,
972 863 1022 902 re-

255 945 337 990 tustae
357 953 452 990 rerum
480 950 595 989 suarum
621 932 764 988 memoriae
795 943 1022 1007 perscrutatores

255 1022 462 1096 curiosissimi,
478 1037 530 1076 nec
542 1018 618 1074 hunc
633 1021 739 1075 sontem
754 1019 951 1092 neglexerunt,
969 1037 1021 1074 ex-

255 1109 448 1182 stiteruntque
461 1105 664 1182 quiejusmodi
679 1106 886 1181 epigrammata
905 1124 942 1161 ex
962 1106 1021 1161 dis·

255 1195 348 1270 persis
372 1193 565 1251 monumentis
588 1191 773 1266 colligerent,
799 1192 942 1266 simulque
956 1212 1021 1248 cum

254 1281 343 1357 ipsis,
369 1280 404 1338 ad
426 1299 491 1356 quae
508 1278 706 1357 pertinebant,
726 1277 865 1355 operibus
879 1279 1023 1354 descripta

253 1380 282 1424 et
302 1367 471 1426 adumbrata
490 1381 648 1426 servarent.
669 1365 938 1423 Commemorantur
962 1367 1025 1422 col-

255 1456 498 1537 lectiones'hujus
534 1454 668 1530 generis,
701 1453 815 1510 duobus
835 1466 901 1509 ante
931 1472 1023 1509 aevrtm

254 1555 383 1600 nostrum
406 1541 549 1599 saculisa
570 1539 725 1596 Polemone
753 1539 943 1609 concinnatae,
966 1549 1023 1594 tum

254 1629 375 1702 Alcetae,
399 1627 562 1685 Philochori
587 1639 615 1683 et
636 1627 780 1695 aliorum,
803 1645 926 1701 quarum
946 1626 1025 1682 nulla

176 1727 177 1732 ’
255 1729 362 1773 aetatem
387 1717 469 1786 tulit,
492 1732 664 1791 quamquam
686 1714 757 1770 satis
785 1725 828 1769 cst
851 1710 1025 1769 credibiles

256 1803 415 1861 serioribus
444 1817 503 1860 tum
528 1801 674 1859 historicis
700 1813 758 1858 tum
787 1799 1024 1872 linthologiarum

256 1891 453 1948 conditoribus
479 1903 655 1966 syntagmata
681 1887 835 1964 compilata
857 1905 909 1942 nec
936 1906 1026 1963 parma

255 1997 291 2034 ex
305 1979 352 2044 iis,
364 1978 482 2034 sortasse
490 1981 597 2054 optima
609 1993 729 2051 quaeque
739 1988 767 2058 et
779 1973 1022 2050 praestantissima,

255 2065 290 2121 ad
302 2085 353 2122 vos
367 2079 479 2122 servata
490 2075 680 2141 etpropagata
691 2060 803 2139 essel*l.
813 2061 884 2118 Cum
900 2061 1027 2117 maximo

255 2152 330 2207 enim
343 2153 488 2208 literarum
501 2151 693 2207 emolumento
709 2150 812 2205 lactum
825 2161 867 2204 est
882 2159 913 2204 ut
923 2147 1026 2204 saeculo

170 2255 178 2297 t
194 2247 220 2316 ᾖ,
256 2236 392 2318 settim&
406 2237 549 2294 Christum
566 2249 661 2292 natum
674 2235 830 2294 hlumxcan
843 2233 1024 2305 Gadarenus,

260 2323 301 2380 rir
314 2324 482 2398 ingeniosus
496 2343 549 2380 nec
572 2336 656 2398 poeta
675 2321 847 2392 mediocris,
863 2341 898 2378 ex
912 2322 1027 2398 optimis

255 2412 349 2468 omnis
364 2414 416 2469 teri
428 2412 521 2488 poetis
530 2411 736 2487 epigrammata
747 2409 885 2483 deligeret
899 2421 984 2484 atque
995 2408 1027 2466 in

255 2503 344 2553 un'um
359 2517 464 2574 corpus
481 2497 633 2569 conflaret,
646 2498 693 2554 cui
705 2495 830 2575 στεφάνου
844 2496 905 2553 sive
919 2516 1028 2552 corona:

256 2585 370 2641 titulum
386 2585 461 2644 iecit.
474 2584 534 2641 lloc
549 2584 688 2658 elegantis
701 2583 851 2640 industrias
863 2581 1026 2658 exemplum

256 2685 369 2729 centum
384 2675 467 2730 annis
482 2684 548 2749 post
564 2672 692 2728 imitatus
712 2684 755 2728 est
769 2669 923 2726 Paruimus
935 2668 1026 2727 Thes·

257 2760 459 2830 salonicensis,
482 2759 533 2835 qui
559 2770 587 2815 et
607 2758 715 2833 ipsese
741 2758 771 2814 in
791 2741 1027 2833 epigrammalico

257 2865 360 2921 genere
383 2867 447 2904 cum
476 2846 559 2903 laude
580 2845 726 2915 exercuit,
750 2863 854 2901 novam
880 2865 916 2902 ex
934 2845 1027 2921 poetis

176 2979 180 2988 .
257 2933 308 3008 qui
336 2947 402 3010 post
430 2934 603 3008 llleleagrum
626 2931 840 3008 epigrammatis
868 2929 1028 2988 scribendis

258 3040 373 3098 operam
396 3034 589 3089 navaverunt,
610 3039 736 3076 rotonam
761 3030 923 3078 contexens.
947 3015 1028 3074 Uter·

257 3127 314 3182 que
328 3109 533 3184 epigrammata
546 3107 577 3163 in
592 3105 722 3162 ordinem
737 3115 852 3180 recepta
872 3103 1028 3160 secundum

258 3195 341 3251 initia
355 3195 512 3272 disposuit,
526 3195 567 3250 ita
580 3207 612 3250 ut
626 3193 771 3249 literarum
785 3191 915 3248 ordinem
929 3207 1028 3264 seque·

259 3294 348 3350 retur,
371 3282 454 3358 cujus
469 3282 579 3338 ordinis
599 3279 751 3337 manifesta
770 3289 925 3354 supersunt
938 3277 1028 3332 resti-

259 3369 314 3440 gia.
358 3369 401 3424 An
418 3367 555 3444 temporis
572 3383 687 3442 quoque
701 3378 729 3421 et
751 3365 841 3422 aetatis
861 3375 1027 3441 poetarum,

259 3465 307 3510 aut
330 3467 564 3528 argumentorum
589 3451 790 3510 similitudinis
814 3451 912 3508 habita
937 3451 974 3508 sit
999 3452 1028 3507 in

258 3539 439 3618 disponendo
454 3541 548 3610 ratio,
564 3559 641 3597 nunc
654 3539 770 3615 quidem
787 3539 964 3613 ignoramus,
980 3556 1028 3594 ne·

259 3647 315 3704 que
330 3641 424 3685 tamen
447 3627 596 3706 probabile
614 3640 658 3684 est
674 3627 733 3704 (*').
762 3627 893 3683 Ceterum
909 3637 1030 3700 uterque

260 3717 453 3775 collectionem
471 3736 550 3774 suam
571 3715 734 3794 auspicatus
755 3725 799 3772 est
820 3714 982 3790 prooemio,
999 3714 1029 3769 in

180 3813 184 3822 “
260 3825 335 3880 quo,
353 3805 429 3881 quod
444 3804 569 3882 στεφάνου
591 3805 651 3862 sive
665 3823 772 3858 coronoe
793 3820 897 3858 nomen
913 3815 941 3857 ct
956 3801 1029 3857 ratio

261 3891 472 3966 quodammodo
499 3889 818 3968 postulabat,·singuli
843 3901 934 3966 poeta·
965 3907 1029 3945 cum

261 3979 382 4054 siugulis
397 3978 516 4036 iloribus
536 3979 678 4055 plantisve
692 3989 901 4054 comparantur.

250 4065 255 4074 '
301 4068 342 4121 Ac
356 4065 386 4122 hi
401 4065 516 4141 quidem
531 4065 754 4139 Florilegiorum
770 4065 934 4121 conditores
952 4062 1029 4119 anti-

262 4151 395 4233 quissimi
409 4153 483 4208 nulli
499 4154 735 4230 epigrammatum
751 4154 849 4226 generi
861 4171 919 4228 prae
932 4153 1031 4206 ceteris

265 4237 381 4307 favisse,
396 4237 507 4295 nullum
522 4239 558 4296 de
569 4245 673 4295 coronis
684 4238 744 4296 suis
758 4238 914 4294 exclusisse
929 4235 1030 4292 viden·

262 4336 326 4394 tnr;
349 4325 398 4381 sed
426 4345 613 4402 quaecumque
644 4325 732 4399 digna
758 4325 935 4382 censuissent
960 4336 993 4379 ut
1016 4343 1032 4379 a

177 4479 180 4484 Ι
262 4415 384 4484 posteris
396 4413 567 4488 legerentur,
579 4433 613 4471 ea
621 4415 684 4472 sinc
694 4414 853 4489 argumenti
865 4413 1033 4470 discrimine

263 4499 477 4575 adoptaverant.
535 4501 638 4558 Postea
658 4515 750 4558 autern
781 4495 869 4558 s'ecuti
896 4513 962 4557 sunt
982 4499 1033 4575 qui

293 4711 328 4773 Γ)
346 4709 396 4774 [iic
411 4728 459 4776 qua
474 4729 500 4764 re
512 4715 583 4764 docte
595 4716 726 4778 etcopiose
744 4715 792 4778 egil
806 4715 940 4772 Hcclerus,
959 4717 1032 4766 Com·

262 4784 361 4831 meniat.
372 4783 425 4832 crit.
437 4784 460 4832 in
473 4783 568 4833 Authol.
580 4788 647 4847 parte
656 4786 733 4846 prima
745 4800 769 4847 p.
781 4791 810 4833 ott
821 4785 904 4847 seqq]

293 4853 341 4915 (**)
357 4852 451 4915 [Atque
460 4868 535 4903 unum
542 4859 675 4917 agnoscunt
682 4855 857 4918 alphabeticum
865 4870 938 4918 quem
949 4857 1034 4909 dicunt

259 4921 370 4972 ordinem
385 4924 514 4972 Passovias
534 4929 678 4982 Quasliouc
694 4926 727 4974 dc
742 4928 853 4987 uestigiis
870 4931 1034 4976 Coronarum

262 4992 387 5054 licicaqri
407 4995 432 5041 ct
451 4991 568 5056 Philippi
589 4997 617 5043 iu
631 4993 784 5056 Artlltolopia
804 4997 967 5046 Constantini
987 5000 1033 5045 Cr·

262 5059 358 5124 plima,
378 5064 474 5114 t'ratisl.
492 5069 558 5124 1827,
573 5068 598 5113 ct
612 5065 760 5126 Weigandus
779 5066 938 5125 iterantibus
951 5069 976 5115 ct
992 5079 1034 5114 or-

263 5133 323 5180 diac
348 5133 503 5196 sartatecta
528 5133 701 5197 Ocpltalmur,
725 5136 747 5182 in
771 5137 856 5184 Museo
876 5137 989 5186 lllteuano
1011 5153 1033 5188 a.

268 5207 333 5258 titis,
346 5218 370 5265 p.
386 5211 425 5253 tot
442 5219 519 5268 seqq,
536 5211 576 5255 sit
595 5219 673 5268 seqq,
687 5219 708 5253 a.
724 5209 789 5260 rsit,
805 5219 828 5267 p.
846 5210 889 5254 iio
902 5208 973 5270 sqq]

968 451 1130 511 JhCOBSll

1067 584 1226 658 argumenti
1245 584 1356 640 ratione
1378 582 1475 640 habita
1497 583 1732 660 epigrammatum
1758 586 1834 643 sace-

1068 684 1131 728 rent
1146 670 1294 730 delectum.
1340 671 1447 727 Horum
1467 689 1557 738 unua,
1584 671 1695 754 Spnxro
1714 671 1833 730 Sardia-

1068 776 1141 824 nus,
1159 757 1244 814 homo
1266 759 1398 833 nequiter
1411 757 1596 830 ingeniosus,
1608 757 1658 814 sed
1671 771 1754 834 poeta
1777 760 1834 816 ele·
1914 824 1922 832 ί

1068 863 1153 918 gans,
1182 843 1324 920 secundo,
1347 857 1378 927 pt
1396 844 1524 926 ¹videtur,
1549 856 1615 920 post
1634 844 1705 906 Chr.
1731 847 1834 904 saeculo
1929 833 1936 844 ⁸

1068 943 1204 999 exeunte,
1221 913 1431 1007 turpi‘consilio
1451 950 1487 987 ex
1508 931 1643 1004 hleleagri
1663 945 1691 989 et
1705 933 1833 1010 Philippi

1067 1023 1171 1072 coronis
1191 1035 1225 1072 ea
1245 1018 1387 1094 excerpsit
1407 1035 1470 1094 quae
1484 1017 1520 1074 ad
1545 1037 1696 1095 puerorum
1724 1039 1834 1076 amores

1068 1115 1243 1180 spectarent,
1274 1105 1419 1180 multaque
1455 1105 1490 1162 de
1515 1105 1590 1174 suis,
1616 1105 1832 1182 antiquioribus

1068 1192 1126 1248 illis
1139 1189 1216 1247 haud
1229 1191 1326 1267 paullo
1339 1191 1542 1266 flagitiosiora,
1571 1191 1733 1252 admiscuit.
1753 1192 1837 1250 llunc
1872 1181 1874 1188 '

1068 1277 1217 1346 libellum,
1232 1296 1296 1334 cum
1310 1277 1478 1334 Philaenidis
1491 1277 1610 1336 sortasse
1624 1290 1652 1334 et
1673 1276 1838 1352 Elephanti-

1069 1365 1115 1422 dis
1139 1364 1255 1422 samosis
1273 1363 1426 1441 operibus,
1448 1384 1513 1421 cum
1530 1359 1659 1422 'Lusibus
1679 1363 1836 1442 Priapeiis,

1069 1465 1096 1509 et
1110 1451 1210 1529 paucis
1226 1449 1291 1508 aliis
1303 1451 1482 1526 antiquitatis
1496 1450 1623 1526 ejusdem
1640 1451 1739 1508 l'arinae
1753 1451 1837 1509 libris

1070 1538 1310 1614 comparandum,
1334 1558 1351 1595 a
1371 1539 1582 1597 recentioribus
1600 1552 1693 1596 autem
1714 1552 1742 1595 et
1762 1539 1838 1597 chri·

1070 1626 1171 1683 stianis
1194 1624 1361 1682 hominibus
1385 1626 1471 1698 longe
1491 1627 1634 1701 longeque
1661 1640 1837 1702 superatum,

1069 1715 1180 1771 Μοῦσαν
1205 1709 1329 1781 παιδικὴν
1359 1714 1508 1791 inscripsit
1533 1735 1539 1771 :
1569 1733 1633 1790 quae
1661 1715 1839 1791 propudiosa

1073 1799 1204 1857 collectio
1225 1800 1359 1876 periisset
1384 1801 1442 1858 nisi
1467 1800 1640 1858 christianus
1666 1801 1753 1857 homo
1778 1802 1839 1874 ejus

1071 1885 1178 1956 aetatis,
1203 1905 1288 1962 quam
1316 1885 1403 1943 hodie
1430 1887 1562 1944 nonnulli
1583 1886 1669 1944 nohis
1693 1900 1839 1963 tamquam

1071 1973 1166 2030 omnis
1175 1974 1349 2050 incorruptae
1363 1973 1512 2048 religionis
1526 1975 1621 2031 sedem
1633 1975 1664 2030 in
1677 1975 1839 2052 exemplum

1071 2072 1255 2137 proponunt,
1273 2079 1334 2116 eam
1351 2079 1414 2116 cum
1430 2060 1578 2116 christiani
1592 2062 1752 2134 argumenti
1776 2081 1840 2136 poe·

1072 2149 1155 2206 matis
1169 2147 1349 2223 conjunctam
1364 2159 1392 2204 et
1406 2147 1618 2223 quodammodo
1638 2147 1840 2206 circumvalla-

1072 2249 1128 2291 tam
1149 2248 1288 2293 servasset
1309 2233 1351 2310 f).
1375 2233 1528 2292 ilonestius
1550 2235 1700 2292 consilium
1730 2249 1841 2293 secutus

1071 2322 1216 2378 Drocrmas
1249 2327 1404 2396 Lasnrtus,
1439 2321 1570 2378 Vitarnm
1602 2321 1841 2398 philosophorum

1072 2411 1206 2485 scriptor,
1230 2427 1263 2465 ca
1281 2408 1463 2485 potissimum
1486 2411 1706 2484 epigrammata,
1728 2427 1791 2483 quae
1806 2409 1842 2466 ad

1071 2494 1262 2572 philosophos
1276 2507 1451 2572 spectarent,
1472 2496 1585 2570 collegit
1605 2496 1680 2552 etin
1701 2497 1842 2572 peculiari

1074 2583 1149 2640 libro
1174 2582 1315 2642 condidit.
1340 2583 1382 2639 lle
1398 2603 1455 2658 qua
1478 2582 1647 2639 collectione
1663 2584 1688 2640 si
1710 2582 1843 2659 judicare

1075 2670 1143 2727 licet
1155 2689 1191 2727 ex
1205 2670 1243 2726 iis
1257 2689 1321 2745 quae
1336 2669 1477 2744 Diogenes
1491 2669 1558 2726 i'nde
1568 2670 1598 2725 in
1608 2667 1682 2726 Vitis
1696 2670 1841 2743 excitavit,

1074 2756 1159 2832 longe
1183 2757 1308 2814 maxima
1328 2777 1395 2834 pars
1418 2755 1482 2832 ejus
1502 2756 1704 2814 continebatur
1735 2758 1843 2834 ineptis

1073 2857 1101 2901 et
1113 2843 1223 2920 jejunis
1245 2845 1338 2920 ipsius
1353 2844 1550 2919 compilatoris
1573 2845 1740 2921 poematiis,
1760 2847 1843 2902 vario

1075 2944 1231 2989 metrorum
1249 2950 1353 3004 genere
1369 2931 1558 3008 conscriptis,
1575 2931 1651 2988 unde
1668 2945 1756 2988 totum
1770 2932 1843 2990 illud

1073 3033 1221 3096 syntagma
1235 3003 1395 3094 llapps'rpco
1412 3020 1495 3076 titulo
1511 3019 1657 3094 inscripsit
1673 3021 1738 3096 (Ἥ.

1113 3103 1259 3163 Proximis
1272 3106 1383 3163 saeculis
1399 3104 1438 3162 ob
1458 3106 1591 3162 miseram
1611 3106 1729 3164 Graeciae
1744 3106 1844 3164 condi·

1075 3193 1180 3249 tionem
1196 3193 1324 3268 aliasque
1336 3192 1375 3250 ob
1390 3211 1502 3261 causas,
1519 3212 1590 3267 quas
1606 3190 1654 3248 hic
1671 3211 1843 3250 commemo-

1075 3298 1139 3336 rare
1161 3279 1233 3335 nihil
1257 3280 1374 3350 attinet,
1408 3275 1533 3336 studiiun
1567 3298 1685 3357 poeseos
1711 3279 1843 3352 relrixit,

1075 3366 1166 3424 donec
1180 3366 1295 3442 imperii
1320 3367 1386 3424 sede
1408 3367 1577 3442 Byzantium
1600 3367 1746 3435 translata,
1764 3363 1843 3423 Gras-

1074 3454 1172 3528 cisque
1186 3453 1278 3511 literis
1296 3466 1353 3510 tum
1378 3454 1408 3510 in
1423 3453 1629 3532 lmperatormn
1645 3454 1720 3528 aula,
1736 3467 1795 3510 tum
1814 3456 1845 3510 in

1076 3539 1142 3597 aliis
1155 3541 1240 3596 etiam
1262 3540 1344 3598 orbis
1368 3540 1490 3598 llomani
1506 3541 1637 3618 partibus
1659 3561 1734 3598 noro
1750 3544 1845 3618 splen-

1076 3627 1145 3684 dore
1158 3627 1348 3696 collustratis,
1362 3627 1451 3685 llnsae
1462 3648 1577 3704 quoquc
1598 3629 1703 3684 exalto
1724 3627 1847 3684 duorum

1075 3716 1134 3770 fere
1168 3715 1336 3771 saeculorum
1374 3735 1479 3792 sopore
1516 3715 1635 3774 excitari
1682 3727 1843 3791 coepernnt.

1076 3800 1191 3858 Exstitit
1205 3815 1283 3874 tunt,
1299 3803 1402 3878 quinto
1417 3817 1447 3858 ut
1461 3803 1576 3859 ridetur
1596 3803 1701 3860 saeculo
1717 3803 1845 3872 ineunte,

1078 3886 1193 3944 Nouuus
1219 3887 1462 3963 Panopolitanus‚
1491 3889 1535 3946 vir
1570 3889 1766 3956 admirabilis,
1794 3888 1845 3963 qui

1078 3978 1171 4052 spisso
1190 3977 1429 4052 Dionysiacorum
1453 3995 1539 4054 opere
1558 3997 1672 4034 omnem
1695 3975 1847 4032 Bacchica-

1076 4082 1138 4119 rum
1152 4063 1310 4120 fabularum
1325 4063 1493 4136 farraginem
1505 4064 1716 4138 elegantissima
1729 4061 1844 4138 quidem

1076 4149 1226 4218 oratione,
1247 4150 1296 4206 sed
1312 4149 1483 4208 ,incredibili
1498 4151 1669 4226 loquacitate
1692 4150 1846 4225 congessit.

1107 4309 1140 4372 (Ἴ
1162 4311 1323 4372 Reperiuutnr
1343 4310 1384 4360 hic
1401 4311 1450 4360 illic
1467 4312 1492 4360 in
1509 4310 1660 4360 bibliothecis
1683 4310 1737 4360 libri
1762 4321 1847 4358 manu-

1078 4378 1162 4440 scripti
1175 4381 1218 4441 qui
1228 4381 1295 4429 initio
1304 4383 1329 4430 et
1339 4381 1386 4429 line
1401 4381 1521 4430 orationes
1531 4393 1628 4440 sacras,
1642 4393 1734 4443 preces.
1750 4383 1847 4428 contro·

1077 4449 1168 4498 versiae
1181 4453 1206 4499 et
1217 4449 1431 4509 similiaosl'erunt,
1446 4451 1471 4499 in
1482 4451 1562 4500 media
1574 4451 1612 4500 sui
1625 4453 1694 4514 parte
1708 4453 1790 4498 autera
1802 4449 1848 4496 im·

1077 4517 1117 4582 pia
1128 4521 1153 4568 ct
1168 4519 1283 4580 obscena,
1303 4519 1392 4569 similes
1406 4520 1456 4569 Nisi
1473 4519 1529 4570 filias
1543 4534 1646 4583 superne
1668 4519 1791 4578 formosae,
1805 4517 1849 4567 sed
1888 4535 1892 4544 ·

1077 4587 1192 4638 condida
1201 4592 1334 4639 succincta
1348 4589 1505 4640 latrantibus
1517 4593 1626 4654 inguina
1640 4590 1770 4638 pinastris.
1819 4617 1839 4638 0

1109 4657 1156 4720 (**)
1171 4657 1233 4720 [Sed
1243 4658 1267 4706 in
1277 4659 1427 4709 corulantini
1442 4659 1554 4722 Cephalo
1567 4658 1709 4722 anthologia
1725 4669 1799 4720 quam
1811 4659 1850 4706 te·

1078 4739 1179 4786 nemus,
1194 4727 1260 4776 haud
1269 4729 1345 4777 ulium
1360 4728 1491 4791 vestigium
1506 4732 1598 4778 certum
1613 4727 1715 4778 inteniri
1728 4732 1768 4782 τῆς
1781 4727 1849 4786 liap-

1079 4797 1161 4858 μέτρου
1177 4799 1243 4846 recle
1261 4796 1401 4848 observavit
1423 4797 1575 4860 Wcigandus
1596 4813 1620 4861 p.
1636 4804 1689 4849 55⁸.
1705 4793 1850 4846 addendum

1078 4868 1117 4912 cst
1128 4869 1210 4913 autem
1231 4869 1384 4926 Dtcpcnicni
1407 4867 1569 4916 Heracleotes
1591 4865 1785 4928 anthologiam,
1807 4863 1850 4926 qui

1079 4933 1190 4996 Meleagri
1213 4937 1239 4983 et
1259 4935 1362 4998 Philippi
1392 4937 1492 4986 Coronis
1513 4940 1629 4998 tanquam
1655 4935 1849 4998 supplementum

1080 5003 1172 5052 addidit
1190 5017 1246 5065 quae
1259 5007 1314 5066 post
1327 5005 1381 5054 ilios
1394 5005 1425 5054 ad
1441 5005 1555 5054 Hadriani
1574 5005 1613 5054 rel
1633 5005 1748 5054 Antonini
1769 5016 1850 5064 usquc

1079 5075 1188 5134 tempora
1198 5073 1287 5135 scripta
1301 5077 1369 5124 eraut
1384 5074 1568 5136 epigrammata,
1579 5073 1717 5136 praesertim
1731 5073 1848 5134 satyrica,

1080 5141 1147 5189 velut
1160 5143 1265 5201 Lucillii,
1283 5144 1395 5204 Luciani,
1413 5144 1463 5206 ipse
1482 5157 1579 5205 quoquc
1598 5143 1722 5193 literarum
1741 5141 1849 5192 ordinem

1080 5215 1187 5260 scrutus.
1203 5212 1263 5262 tide
1275 5215 1399 5275 litiganti.
1415 5228 1438 5275 p.
1450 5221 1494 5262 ist
1509 5215 1592 5274 seqq}
