4018 5938
490 409 613 470 CAPUT
632 409 668 468 II.
692 408 940 470 CHRISTODORI
961 383 1179 471 aasumensi
1200 410 1441 471 STATUARUM.
1486 461 1488 466 .
1721 415 1758 474 3³

214 542 268 604 Καὶ
281 545 372 621 auspiia
389 541 519 622 άφθεγκτιι
531 539 666 606 Λατινίδος
677 539 752 619 ὄργια
766 539 874 612 Μούσης

172 633 248 700 ἅζετο
259 629 413 688 παπταίνων
427 627 576 698 'desidiam
588 625 674 686 όντινα
688 627 788 703 μύστην

121 741 158 781 toa
171 719 284 784 Αύσονίς
296 716 410 798 opprimo
422 714 512 796 σοφίης
526 716 651 796 ἐθρέψατο
661 713 767 792 Σειρήν.

213 801 316 864 Φοίδου
330 805 352 860 δ’
366 801 538 882 ούρεσίφοιτος
551 800 669 878 ὁμόγνιος
680 797 773 858 ίστατο
787 801 866 878 κούρη

172 888 314 972 ΙἈρτεμις,
330 889 388 948 ἀλλ’
398 890 427 946 οὔ
440 887 511 955 τόξον
531 886 671 958 έκηύόλον,
687 886 744 944 οὐδὲ
760 886 887 968 φαρέτρην

173 980 277 1049 ἰοδόκην
292 976 420 1055 ἀνέχουσα
431 975 600 1051 κατωμαδόν·
613 965 644 1046 ἦν
657 973 680 1032 δ’
693 975 736 1032 ἐπὶ
750 977 847 1051 γούνων

173 1067 309 1145 παρθένιον
322 1063 450 1140 λεγνωτδν
466 1065 641 1132 άναζωσθεῒσα
655 1064 769 1142 χιτῶνα,

122 1175 161 1213 tto
175 1157 220 1212 καὶ
233 1153 319 1234 τριχός
334 1152 496 1233 άκρήδεμνον
511 1150 632 1228 ἀνιεμένη
643 1149 739 1208 πλόκον
752 1149 850 1226 αὔραις.

213 1239 351 1320 Ἐμφρονα
365 1237 463 1316 χαλκόν
473 1237 594 1317 Ὄμηρος
604 1236 747 1312 ἐδείκνυεν,
762 1234 819 1294 οὔτε
830 1238 946 1311 μενοινῆς

172 1329 308 1406 ἄμμορον,
321 1325 379 1385 ούτι
392 1325 451 1384 νόου
466 1325 641 1406 κεχρημένον,
657 1326 715 1382 ἀλλ’
728 1324 778 1401 ἄρα
794 1323 888 1399 μούνης

172 1420 259 1527 φωνῆς
274 1411 432 1491 άμόροσίης,
447 1415 565 1491 ἀνέφαινε
580 1409 607 1470 δὲ
620 1411 711 1470 θυιάδα
724 1409 827 1488 τέχνην.

184 1505 212 1563 fl
228 1501 274 1560 καὶ
284 1501 383 1580 χαλκὸν
394 1500 498 1579 έχευσεν
509 1501 561 1575 ὁμῆ
576 1495 630 1564 θεδς
644 1497 707 1556 εἴδεϊ
717 1502 829 1575 μορφῆς·

124 1607 159 1646 ιιι
171 1591 201 1648 ού
216 1589 267 1668 γδιρ
281 1587 332 1666 ἐγὼ
347 1587 414 1646 κατδι
426 1586 506 1662 θυμὸν
520 1582 608 1661 ὀίομαι
621 1586 676 1644 όττι
691 1608 735 1661 μιν
750 1583 815 1661 ἀνὴρ

171 1676 309 1755 ἐργοπόνος
320 1673 449 1752 χαλκευσε
461 1676 523 1752 παρ’
535 1675 676 1752 ἕοχαρεῶνι
688 1672 828 1746 θαάσσων,

172 1763 232 1822 ἀλλ’
244 1763 309 1833 obri
323 1761 466 1837 πολύμητις
478 1759 608 1818 ἀνέπλασε
617 1759 705 1840 χερσίν
721 1759 814 1829 Ἀθήνη

171 1841 239 1916 aito<
248 1849 409 1924 ἐπισταμένη
419 1847 499 1927 τόπερ
508 1847 602 1924 ᾤκεεν·
614 1849 640 1904 έν
655 1849 705 1925 γὰρ
714 1844 828 1924 Ὁμήρῳ

173 1937 240 2008 αὐτ-λ
253 1933 407 1995 ναιετάουσα
420 1933 499 2014 σοφὴν
513 1933 649 2014 ἐφθέγγετο
662 1927 781 2009 μολπήν.

124 2041 161 2079 σου
169 2023 298 2099 Σύννομος
312 2021 455 2080 Ἀπόλλωνι
490 2019 580 2098 πατὴρ
596 2017 765 2098 epotatura<
781 2011 834 2098 φίλος

171 2112 265 2170 ἵστατο
275 2115 340 2176 θεῖος
352 2107 485 2186 Ὅμηρος·
501 2106 571 2164 έῖκτο
586 2107 632 2184 μὲν
647 2105 720 2186 ἀνδρὶ
735 2110 828 2177 νοῆσαι

171 2197 308 2277 γηραλέῳ·
319 2195 348 2254 τὸ
360 2193 387 2252 δέ
401 2200 483 2272 γῆρας
496 2193 539 2264 ἔην
553 2193 650 2271 γλυκύ·
665 2193 741 2251 τοῦτο
755 2193 806 2273 γάρ
818 2189 889 2272 αὐτῷ

172 2282 324 2362 πλειοτέρην
340 2281 433 2350 ἔσταξε
446 2281 535 2361 χάριν·
548 2280 689 2360 κεκέραστο
702 2281 728 2338 δέ
740 2281 832 2359 κόσμῳ

173 2373 265 2451 αἰδοίῳ
280 2395 309 2430 τε
323 2371 390 2451 φίλῳ
403 2392 445 2428 τε·
461 2368 538 2434 σέύας
550 2370 573 2426 δ’
588 2367 757 2443 ἀπελάμπετο
772 2369 881 2446 μορφῆς.

124 2477 160 2516 οτι
173 2460 272 2538 λῦχίνι
287 2457 334 2536 μέν
348 2457 470 2516 κόπτοντι
482 2457 564 2534 γέρων
574 2453 712 2533 έποσύρετο
724 2454 814 2532 βότρυς

172 2547 283 2626 χαίτης,
299 2545 424 2604 εἰσοπίσω
436 2542 631 2622 πεφορημένος,
648 2541 714 2620 ἀμφὶ
729 2540 751 2598 δ’
767 2539 860 2605 tacut<

172 2635 337 2710 πλαζόμενος
349 2633 513 2711 κεχάλαστο·
525 2629 599 2690 κάτω
612 2629 635 2687 δ’
647 2629 764 2708 εύρύνετο
775 2627 870 2704 πώγων

173 2719 340 2802 ἂμφιταθείς,
351 2717 466 2794 μαλακός
478 2717 505 2776 δὲ
518 2718 563 2776 καλ
577 2715 710 2797 εὔτροχος·
725 2715 783 2772 οὐδὲ
798 2712 848 2791 γάρ
863 2703 909 2783 ἦεν

172 2806 309 2878 όξυτενὴς,
323 2807 381 2864 ἀλλ’
395 2804 469 2885 εὐρὺς
486 2804 634 2876 ἐπέπτατο,
649 2803 744 2868 κάλλος
758 2799 870 2881 ὑφαίνων

124 2915 162 2957 tao
173 2898 264 2969 στήθεϊ
276 2894 435 2975 γυμνωθέντι
449 2893 494 2951 καί
505 2893 633 2973 ίμερόεντι
646 2888 789 2970 προσώπῳ).

172 2984 277 3060 Γυμνδν
293 2983 316 3040 δ’
327 2974 382 3060 εἶχε
397 2980 528 3056 μέτωπον,
542 2981 584 3038 ἐπ’
597 2979 744 3055 άπλοκοίμῳ
758 2977 785 3035 δὲ
796 2977 909 3053 μετώπῳ

172 3063 240 3142 ἧστο
253 3069 417 3149 σαοφρσσύνη
428 3067 608 3146 κουροτρόφος·
621 3066 688 3144 ἀμφὶ
698 3065 719 3123 δ’
729 3063 775 3141 ’ἄρ’
784 3067 861 3143 ὀφρῦς

173 3157 324 3237 ἀμφοτέρας
339 3157 489 3236 προύλῆτας
504 3153 629 3220 ἐύσκοπος
643 3153 741 3212 ἔπλασε
752 3151 848 3231 τέχνη,

174 3246 232 3305 οὔτι
244 3247 347 3321 μάτην·
360 3245 446 3324 φαέων
461 3242 512 3322 γάρ
525 3242 653 3322 ἔρημάδες
667 3233 733 3312 ἦσαν
747 3238 861 3298 ὀπωπαί.

122 3350 160 3389 ssa
174 3334 244 3392 Ἀλλ’
254 3335 302 3392 οὐκ
315 3323 347 3404 ἦν
363 3333 436 3414 άλαῷ
451 3329 592 3408 ἐναλίγκιος
606 3328 679 3408 ἀνδρὶ
689 3331 796 3400 νοῆσαι·

378 3629 465 3678 LVIII.
479 3632 516 3676 De
530 3624 731 3696 Apulejosidego.

173 3774 284 3823 Ausoniae
295 3771 370 3822 idusae
380 3769 440 3820 nulli
452 3735 566 3834 vulpanda
580 3767 679 3836 proiano

173 3855 245 3918 Orgia
257 3853 380 3919 comperiit
390 3847 483 3917 sapiens
491 3851 620 3915 Apulejus,
631 3851 752 3898 alnnmum

172 3937 264 3987 Imbuit
275 3937 367 3986 arcanis
380 3935 462 3984 studiis
473 3949 544 3998 quem
559 3933 659 3982 Itomitla
668 3932 745 3981 Siren.

452 4099 517 4144 nix.
534 4100 569 4144 De
583 4095 673 4144 Diana.

171 4248 227 4294 Stat
238 4242 319 4292 Phoebi
332 4251 456 4307 germana,
466 4237 530 4304 iugis
541 4247 630 4287 assueta
643 4233 758 4301 ierIsque,

172 4330 231 4375 Non
241 4341 322 4373 arcum
334 4324 412 4372 Diana
424 4337 520 4384 gerens,
533 4337 581 4368 non
591 4319 638 4368 tela
650 4326 769 4367 tenentem

172 4411 209 4456 lix
223 4405 329 4454 humeris
343 4403 480 4468 pharetram
494 4417 500 4451 :
516 4400 614 4465 genibus
628 4399 667 4448 sed
679 4399 764 4447 nititur
775 4397 824 4445 alte

170 4488 312 4553 virgineam
324 4486 434 4550 cingens,
448 4482 523 4532 ambit
535 4497 606 4546 quam
618 4480 726 4541 fimbria,
740 4488 841 4540 vestem,

171 4575 271 4638 Datque
283 4565 335 4636 rapi
347 4568 422 4618 rectis
433 4568 498 4616 nulla
509 4566 553 4616 sub
568 4567 617 4628 Iege
628 4565 735 4629 capillos.

451 4720 500 4768 Lx.
511 4713 548 4766 De
561 4717 672 4766 Homero.

165 4872 214 4916 αὖ
227 4865 278 4914 vita
288 4873 396 4928 vegetum
407 4861 476 4911 nobis
487 4861 589 4911 ostendit
601 4859 730 4908 Homerum
744 4869 751 4908 τ

172 4949 233 4998 Non
246 4947 352 5005 αιιὶιιιυο,
364 4960 414 4994 aon
426 4959 506 4992 seusus
518 4941 599 5003 abest,
611 4941 650 4989 sed
662 4939 733 4989 solitu
745 4937 786 4987 ille

171 5029 251 5078 Vocis
261 5039 329 5094 eget:
344 5027 431 5076 mirum
444 5043 492 5091 quo
504 5025 539 5074 vis
552 5022 693 5090 processerit
702 5023 768 5071 artis.

172 5113 238 5175 Quis
250 5111 305 5160 dem
317 5108 363 5160 boe
375 5108 444 5158 uobis
457 5108 522 5157 dedit
535 5123 580 5168 m,
592 5115 617 5155 et
628 5106 653 5154 in
673 5121 720 5153 are
733 5104 847 5168 figuram?

173 5194 234 5244 Non
249 5193 350 5248 etenim,
362 5191 381 5240 si
393 5189 449 5256 quid
461 5190 557 5254 dignum
571 5197 605 5236 est
617 5203 654 5236 me
662 5185 740 5252 judice
751 5185 828 5246 credi,

277 5283 419 5321 astomors.
438 5285 456 5322 t.

1017 544 1047 592 Et
1059 541 1172 604 saplentis
1185 545 1254 593 muta
1267 543 1357 592 Latinae
1372 545 1450 592 Musae
1461 543 1527 605 orgia

988 609 1147 680 venerabaiur
1157 625 1268 694 spectans
1277 635 1411 691 tenemus,
1427 643 1499 692 quem
1513 633 1617 691 mpetum
1693 663 1694 667 ,
1739 681 1745 695 ¹

987 717 1118 768 ineffabilis
1133 719 1256 781 sapientiae
1266 720 1372 768 Ausonia
1381 719 1494 768 educavit
1506 717 1580 767 Siren.

1019 805 1102 854 Phoebi
1112 809 1212 869 cognata
1225 807 1361 870 montivago
1373 807 1467 858 adstitit
1476 800 1544 870 virgo

988 897 1082 954 Dama,
1093 894 1136 943 sod
1151 907 1229 956 neque
1241 908 1325 943 areum
1334 896 1554 958 longe-lerientem,
1567 907 1612 944 nee
1624 893 1762 958 pharetram

988 981 1233 1045 reeIpiendissagittIs
1242 981 1334 1030 babens
1343 981 1368 1030 in
1377 975 1494 1043 humer03
1505 996 1590 1031 vemm
1601 982 1632 1032 ad
1641 995 1718 1045 genua

989 1068 1238 1119 adductam—habebat
1250 1061 1390 1131 virginalem
1402 1071 1510 1119 tunicam
1523 1069 1655 1133 virgatam,

988 1155 1139 1218 oriniumque
1154 1159 1247 1206 textum
1260 1149 1384 1206 sine-vitta
1399 1157 1553 1220 permittebat
1565 1159 1639 1208 auris.

1018 1243 1155 1307 intelligens
1171 1243 1313 1294 ostendebat
1324 1257 1359 1293 ecs
1372 1247 1499 1306 Itonaeos,
1509 1260 1587 1308 nequo
1600 1242 1749 1309 cognationis

988 1345 1085 1394 expers,
1100 1343 1144 1380 nec
1153 1335 1233 1381 mente
1244 1318 1379 1395 privatum,
1390 1333 1434 1382 sed
1445 1335 1495 1382 sola

988 1434 1048 1470 voce
1058 1419 1176 1481 bumana,
1189 1420 1347 1483 exhibuItque
1359 1418 1498 1470 bacchicam
1508 1405 1665 1486 (poetieam)
1677 1425 1763 1474 artem

988 1508 1130 1558 Saneetimn
1136 1507 1763 1572 aesiuditdeusperindeaclinsIteorporistormams

988 1609 1037 1644 non
1046 1596 1111 1645 enlm
1124 1610 1168 1660 ego
1180 1597 1264 1659 opinor
1276 1595 1367 1656 animo,
1378 1596 1458 1644 virum
1467 1609 1521 1644 eam

989 1683 1124 1746 operarium
1133 1683 1274 1746 procudisse
1286 1683 1317 1732 ad
1330 1683 1412 1732 locum
1423 1682 1561 1742 sedentem,

990 1769 1034 1819 sed
1044 1771 1096 1834 ipsa
1108 1769 1215 1834 prudens
1229 1769 1342 1820 remeavit
1357 1769 1470 1818 manibus
1480 1766 1589 1818 Minerva

990 1862 1092 1911 scienter
1101 1859 1220 1923 speeiem,
1230 1871 1304 1921 quam
1313 1857 1433 1907 iacolebal
1446 1879 1452 1905 :
1466 1871 1523 1906 nam
1534 1857 1558 1906 iu
1569 1860 1674 1920 Homero

989 1949 1043 2013 Ipsa
1057 1946 1194 1996 inhabitans
1205 1945 1343 2011 saplentem
1352 1943 1439 1994 edebat
1450 1947 1558 1996 oneum.

990 2033 1106 2099 Apolliais
1117 2033 1197 2083 socius
1210 2035 1277 2098 pater
1290 2045 1373 2093 meus,
1383 2031 1422 2080 vir
1433 2031 1604 2094 diis-aequalis,

991 2107 1085 2172 astabat
1100 2120 1197 2170 dvinus
1207 2122 1335 2168 Homems.
1368 2119 1457 2168 Similis
1466 2119 1565 2182 quidem
1579 2118 1625 2169 iuil
1636 2116 1689 2168 viro

991 2203 1073 2264 senili;
1086 2206 1111 2253 at
1127 2205 1240 2252 senectus
1250 2205 1302 2251 erat
1316 2202 1398 2251 suavis
1412 2222 1418 2250 :
1433 2203 1486 2252 huc
1496 2199 1594 2252 enimin
1608 2177 1688 2266 ip'sum

990 2293 1104 2354 maiorem
1116 2289 1259 2340 effundebat
1270 2290 1385 2354 gratlam,
1400 2293 1513 2340 ornatum
1527 2291 1613 2340 decore

991 2374 1121 2424 verenabili
1136 2377 1160 2423 et
1173 2374 1253 2436 grato,
1266 2373 1429 2436 majestasque
1443 2373 1619 2436 splendebatex
1632 2375 1717 2426 torma.

992 2461 1084 2510 Cerviei
1098 2463 1205 2510 curvatae
1219 2461 1342 2510 unaaoat
1356 2457 1427 2510 vetus
1437 2455 1567 2524 corymbus
1576 2460 1709 2512 retrorsum

992 2548 1096 2612 capillitii
1124 2544 1230 2610 reiectus
1240 2547 1293 2596 erat
1302 2549 1327 2596 et
1340 2543 1515 2598 circum-aures

991 2649 1074 2686 errans
1082 2636 1176 2685 letatus
1189 2637 1252 2694 erat,
1265 2631 1368 2684 interius
1378 2647 1437 2684 vero
1447 2628 1594 2686 dilatabatur
1607 2631 1682 2686 barba

992 2724 1114 2784 ambiens,
1128 2732 1215 2772 verum
1226 2716 1305 2772 mollis
1323 2724 1348 2772 et
1361 2717 1466 2772 rotunda
1479 2744 1485 2770 :
1497 2737 1575 2786 neque
1592 2724 1656 2773 enim
1667 2727 1719 2776 erat

992 2807 1141 2874 acuminata,
1152 2803 1196 2860 sed
1205 2812 1254 2861 lata
1264 2803 1447 2873 extendebatur,
1458 2815 1612 2862 venustatem
1621 2811 1707 2863 'texens

990 2901 1083 2964 pectori
1093 2899 1186 2949 nudato
1199 2901 1224 2948 et
1236 2895 1332 2948 amabili
1346 2897 1423 2949 ieeiei.

946 2978 949 2985 ’
991 2987 1087 3038 Nudam
1101 2985 1188 3036 babuit
1198 2986 1315 3046 frontem,
1331 2985 1356 3036 et
1369 2987 1394 3036 in
1408 2985 1476 3036 calva
1491 2983 1569 3038 ironte
1700 2984 1768 3051 [eilia

992 3073 1091 3125 sedebat
1108 3073 1266 3137 temperanda
1278 3067 1476 3136 iuvenes-alens,
1488 3076 1579 3125 daciam
1589 3079 1671 3126 autem
1682 3090 1768 3142 suprar-

992 3163 1064 3212 ambo
1074 3159 1233 3225 prominentia
1244 3161 1311 3210 tinxit
1325 3159 1372 3210 ars
1380 3163 1520 3225 perspicax,

992 3264 1036 3300 nee
1046 3253 1137 3300 minere
1149 3269 1154 3296 :
1165 3263 1222 3298 narn
1232 3250 1428 3299 cavaoculorum
1438 3249 1551 3301 (arebant
1562 3252 1703 3303 luminibus.

991 3339 1104 3388 Attamen
1116 3334 1169 3386 visu
1180 3347 1227 3385 non
1238 3339 1291 3386 erat
1300 3329 1385 3386 similis
1395 3337 1447 3386 viro
1463 3352 1527 3388 oaeoo
1545 3360 1551 3390 ι

1507 3489 1756 3507 —·......-“

993 3621 1046 3666 Hoc
1057 3617 1094 3665 vir
1106 3632 1165 3682 opus
1179 3615 1266 3666 iaciens
1276 3615 1361 3680 aliquis
1369 3615 1459 3666 dmedit
1472 3618 1501 3665 ad
1514 3617 1590 3682 ignem

994 3701 1053 3749 Iiiva
1064 3701 1104 3748 sed
1114 3701 1165 3764 ipsa
1175 3699 1223 3748 suis
1231 3699 1340 3747 manibus
1348 3698 1456 3748 Tritonia
1469 3697 1538 3748 linxit

994 3781 1105 3845 Corporis
1113 3780 1193 3831 insessi
1205 3780 1322 3844 quondam
1335 3795 1382 3826 noa
1392 3765 1532 3830 immemor:
1547 3781 1596 3846 ipsa

995 3863 1089 3928 Quippe
1102 3878 1145 3928 per
1158 3877 1184 3909 os
1196 3859 1364 3924 magnicantus
1377 3859 1463 3909 edebat
1476 3861 1575 3910 Homeri

995 3946 1105 4002 Consors,
1117 3941 1218 3997 stobe,
1234 3939 1288 3990 tibi.
1301 3939 1339 3989 Sic
1353 3956 1423 4005 quern
1434 3940 1484 3990 vice
1495 3941 1569 4006 patria
1579 3943 1653 3994 adoro

995 4023 1122 4072 Maeonides
1135 4023 1201 4072 stetit
1214 4021 1261 4070 hio.
1277 4021 1372 4072 Senium
1385 4021 1496 4086 preferre
1508 4022 1610 4086 videtur,

994 4108 1069 4156 Dulce
1083 4106 1123 4154 sed
1136 4105 1182 4155 hoo
1193 4106 1284 4154 senium
1297 4114 1346 4167 est,
1358 4113 1383 4152 et
1396 4105 1427 4152 ab
1441 4104 1483 4153 illo
1494 4107 1567 4155 ditior
1579 4108 1615 4156 ori

994 4191 1093 4251 Gratim
1108 4189 1252 4238 conveniunt
1264 4188 1365 4251 gravitas
1378 4195 1403 4235 et
1415 4188 1517 4238 amabile
1528 4190 1650 4254 quiddam.

994 4274 1082 4324 blanda
1096 4273 1228 4322 verecundo
1239 4272 1346 4335 majestas
1358 4271 1421 4320 lucet
1432 4271 1457 4320 in
1471 4287 1529 4322 ores

995 4363 1089 4406 Innatat
1101 4355 1126 4406 ia
1140 4371 1211 4405 curve
1224 4371 1296 4404 caum
1308 4354 1399 4403 cervice
1413 4355 1540 4420 corvmbus

995 4441 1091 4488 Veritas
1102 4438 1245 4486 descendens
1256 4446 1280 4486 et
1289 4436 1487 4486 circumfunditur
1498 4453 1575 4486 aures.

995 4527 1078 4571 Mento
1093 4521 1167 4570 barba
1181 4521 1265 4568 cadens
1275 4519 1351 4584 spatio
1362 4519 1501 4583 dispescitur
1513 4521 1607 4584 amplo,

995 4603 1109 4652 Mollibus
1121 4602 1162 4652 illa
1174 4601 1228 4666 pilis
1239 4601 1360 4662 multoque
1374 4602 1508 4663 volumine,
1518 4619 1562 4651 nee
1570 4620 1595 4651 se

915 4677 918 4682 ¹
995 4684 1061 4748 Cogit
1071 4685 1096 4732 in
1109 4691 1246 4746 angustum,
1256 4682 1296 4730 sed
1308 4682 1356 4730 late
1365 4681 1482 4738 excurrit,
1494 4691 1519 4732 el
1531 4683 1592 4732 inira

996 4771 1024 4816 Et
1037 4769 1106 4816 vestis
1116 4765 1185 4814 simul
1197 4774 1269 4826 estep
1282 4765 1384 4830 pectoris
1395 4775 1419 4813 et
1431 4766 1502 4814 decus
1513 4768 1568 4815 oris.

995 4851 1064 4899 Nuda
1076 4850 1149 4898 comis
1163 4848 1226 4896 Irons
1237 4857 1271 4896 est
1287 4865 1292 4897 :
1306 4857 1330 4896 et
1342 4847 1407 4896 adest
1420 4848 1535 4912 sapientia
1548 4849 1620 4898 Ironti

995 4934 1063 4982 Unde
1076 4932 1121 4980 sibi
1135 4947 1211 4980 mores
1224 4932 1294 4979 ducat
1306 4946 1365 4996 puer
1378 4947 1384 4979 t
1399 4939 1474 4979 exstat
1485 4931 1604 4996 utrImque

995 5017 1085 5066 Umbra
1097 5015 1215 5080 sirprereilii
1230 5030 1235 5062 :
1248 5031 1350 5079 namque
1363 5030 1401 5062 ars
1414 5013 1460 5062 hoc
1475 5015 1573 5080 provida
1587 5015 1676 5066 vallum

995 5085 1135 5154 Addiderat,
1150 5097 1217 5145 vacui
1228 5095 1341 5144 suberant
1355 5097 1410 5160 quia
1425 5097 1519 5145 luminis
1530 5089 1609 5148 orbes·

995 5179 1132 5244 Adspiciens
1143 5190 1229 5226 eaecurn
1240 5193 1287 5226 non
1297 5193 1374 5245 posses
1385 5173 1495 5238 eredere;
1505 5185 1569 5226 tanta

1572 5274 1585 5316 J
