4018 5938
270 647 318 723 viij
949 641 1161 700 ranxxuo.

269 804 334 874 ego
347 792 537 874 paternum
557 777 593 844 in
609 799 665 844 me
684 776 842 844 animum
864 789 981 867 gratus
1003 799 1112 869 usque
1133 772 1361 844 recordabor.
1385 771 1579 868 Respondit
1606 802 1622 836 «
1648 779 1830 867 sospitator

268 901 486 994 Anlhologr'oe
500 923 619 993 graeca
637 930 653 964 »
676 899 791 995 ipsum
809 896 953 992 quidem
974 895 1130 965 alienum
1151 920 1223 965 esse
1247 919 1267 962 a
1288 919 1381 964 noxa
1402 893 1559 965 editione
1584 895 1828 991 suscipienda,

269 1027 330 1098 sed
353 1026 505 1096 libenter
528 1023 716 1093 nobiscum
741 1022 1089 1091 communicaturum
1112 1045 1190 1116 quae
1206 1045 1302 1124 nunc
1317 1019 1362 1088 de
1381 1018 1527 1114 singulis
1549 1018 1637 1088 locis
1651 1019 1828 1113 judicaret

268 1150 370 1220 aliter
386 1173 426 1218 ac
444 1147 595 1244 pridem.
620 1152 734 1241 htqne
749 1158 906 1213 nostram
926 1144 963 1211 in
984 1143 1130 1236 gratiam
1152 1143 1375 1213 venerandus
1397 1167 1502 1212 senex
1524 1141 1743 1238 Anthologiae
1763 1148 1827 1212 Pa-

267 1272 411 1342 latinam
432 1271 625 1371 editionem
647 1270 800 1338 maxima
818 1266 999 1360 diligentia
1024 1267 1164 1361 relegit,
1183 1268 1355 1350 correxit,
1373 1266 1514 1360 criticas
1534 1281 1654 1354 notas,
1677 1265 1737 1336 ubi
1764 1291 1826 1336 ne-

266 1397 458 1466 cessarium
473 1393 676 1480 videbatur,
692 1416 752 1462 sua
770 1415 876 1460 manu
895 1391 1068 1486 appinxit.

203 1523 205 1526 ’
223 1583 227 1588 .
316 1521 571 1590 pretiosissimo
591 1517 715 1587 codice
725 1515 932 1611 jacobsiano
946 1513 1069 1610 (quem
1083 1511 1252 1609 appellari
1268 1508 1318 1580 las
1333 1509 1399 1604 est)
1413 1511 1457 1580 ad
1486 1535 1550 1580 nos
1571 1511 1730 1608 perlato,
1749 1515 1825 1582 Fir-

265 1644 383 1712 minus
401 1641 529 1727 Didot‚
547 1655 585 1710 ut
600 1640 708 1727 solet,
727 1640 886 1735 quaesivit
900 1663 970 1734 qua
983 1639 1121 1707 ratione
1133 1637 1208 1731 jam
1219 1635 1436 1706 instituenda
1452 1651 1542 1706 esset
1556 1660 1665 1730 quam
1678 1636 1827 1733 parabat

264 1765 476 1850 editionem,
503 1790 576 1861 quo
602 1764 785 1833 literarum
815 1787 1003 1858 graecarum
1025 1760 1228 1830 amantibus
1250 1774 1284 1828 et
1309 1759 1475 1829 studiosis
1497 1783 1606 1856 quam
1629 1759 1825 1856 plurimum

263 1888 347 1958 inde
356 1887 539 1958 commodi
555 1886 666 1956 heret.
681 1885 732 1955 lbi
748 1885 857 1954 latina
872 1886 1030 1978 Hugonis
1042 1885 1158 1954 Grotii
1173 1881 1425 1952 animadvertit
1437 1881 1658 1952 admirabilia
1674 1883 1820 1978 quidem

263 2035 337 2081 esse
364 2010 424 2080 illa
448 2025 482 2079 et
505 1987 650 2106 prorsus
668 2010 855 2103 antiquum
878 2008 1064 2104 spirantia,
1082 2007 1144 2076 sed
1166 2007 1208 2075 iis
1229 2007 1291 2102 qui
1313 2005 1457 2100 ,singula
1483 2031 1633 2104 quaeque
1659 2021 1824 2077 accurate

263 2135 361 2231 sequi
383 2147 418 2203 et
436 2131 631 2226 intelligere
646 2131 777 2218 velint,
794 2155 868 2200 non
885 2131 968 2200 satis
983 2131 1180 2226 adjumenti
1196 2111 1356 2199 allatura.
1371 2131 1548 2216 Quocirca
1562 2145 1638 2200 tota
1660 2131 1728 2228 ipsi
1752 2136 1823 2200 An-

261 2256 419 2350 thologia
429 2256 478 2324 ad
490 2255 632 2325 uerbum
648 2255 745 2352 quod
761 2255 861 2350 ajunt
876 2253 985 2323 latine
999 2254 1169 2324 vertenda
1183 2277 1259 2324 esse
1274 2253 1463 2324 videbatur
1476 2269 1510 2324 et
1525 2279 1607 2325 eum
1624 2256 1660 2324 in
1674 2255 1824 2326 modum

260 2377 466 2450 adornanda
484 2403 556 2474 quo
576 2379 684 2448 ceteri
703 2379 739 2447 in
764 2377 833 2446 hac
852 2377 1060 2472 Bibliotheca
1076 2377 1265 2472 scriptores
1281 2391 1315 2446 et
1335 2392 1449 2474 poetae
1462 2379 1746 2474 conspiciuntur.
1770 2379 1823 2448 Ad

260 2479 435 2596 ejusmodi
451 2525 581 2570 munus
598 2500 806 2570 obeundum
825 2501 883 2569 cui
902 2501 1028 2586 otium,
1046 2499 1209 2581 doctrina
1223 2515 1259 2568 et
1277 2502 1497 2596 poeticarum
1516 2525 1688 2571 venerum
1702 2527 1824 2572 sensus

260 2641 353 2696 esset
371 2639 406 2694 et
422 2639 636 2720 superesset,
656 2624 821 2692 inventus
839 2637 891 2692 est
908 2628 1082 2711 borinas,
1100 2625 1202 2718 cujus
1224 2625 1407 2717 ingenium
1431 2639 1466 2694 et
1490 2626 1527 2693 in
1550 2640 1672 2722 poetas
1693 2650 1823 2720 graecos

261 2749 460 2844 latinosque
484 2747 609 2817 merita
632 2771 739 2816 nemo
764 2747 888 2816 nescit.
916 2746 1126 2817 Absolverat
1145 2761 1220 2816 tum
1245 2745 1303 2816 ille
1326 2763 1361 2816 et
1380 2749 1609 2818 Comicorum
1629 2774 1823 2844 graecorum

263 2872 456 2966 fragmenta
475 2885 509 2939 et
529 2869 686 2940 Athenaei
715 2867 1070 2965 dipnosophistarum
1103 2869 1389 2958 translationem,
1413 2869 1588 2941 Dindorfii
1620 2897 1698 2968 quae
1728 2898 1824 2943 nunc

260 2993 402 3090 prelum
430 3007 568 3062 exercet
595 3016 696 3060 novae
718 2991 918 3061 recensioni
947 3015 1019 3086 prae
1049 2995 1347 3091 Dalechampiana
1378 2995 1539 3064 versione
1570 2994 1820 3091 adjiciendam.

261 3123 379 3204 Quare
395 3115 495 3187 laetus
510 3115 632 3186 Didoti
649 3115 760 3184 literis
779 3115 855 3183 sine
872 3137 972 3183 mora
986 3118 1164 3186 Musarum
1181 3101 1282 3213 prata
1304 3118 1541 3188 amoenissima
1564 3119 1740 3213 ingressus
1756 3134 1820 3206 est,

261 3265 372 3336 graeca
398 3265 559 3336 quoque,
579 3253 617 3308 ut
636 3264 655 3307 a
672 3239 798 3308 critico
822 3239 899 3306 viro
926 3241 1120 3334 exspectari
1148 3255 1307 3336 poterat,
1336 3266 1402 3338 pro
1430 3241 1523 3311 virili
1555 3242 1819 3314 emendaturus.

261 3363 477 3438 Labentibus
492 3363 595 3430 annis
611 3363 789 3458 optimum
808 3361 924 3430 virum
943 3385 1016 3430 non
1029 3343 1138 3433 ardor
1156 3388 1315 3460 unquam
1335 3390 1451 3464 neque
1465 3366 1647 3455 alacritas,
1667 3367 1728 3438 sed
1752 3371 1822 3438 vita

262 3488 422 3558 destituit
436 3510 544 3582 opere
562 3511 635 3554 non
654 3484 830 3554 absoluto
849 3486 955 3571 Quod
971 3487 1099 3556 iterum
1109 3489 1258 3582 pendere
1273 3496 1500 3585 interruptum
1522 3517 1531 3556 :
1547 3492 1675 3560 iterum
1690 3491 1823 3562 haerere

262 3626 296 3680 et
310 3611 583 3706 circumspicere
601 3609 764 3678 Didotus.

309 3740 447 3803 Interea
459 3731 636 3830 quidquid
646 3748 698 3802 est
708 3732 897 3802 hominum
913 3733 1148 3803 eruditiorum
1159 3749 1193 3803 et
1209 3735 1613 3829 elegantiorisdoctrinae
1626 3737 1821 3806 amantium

261 3881 326 3953 per
344 3871 455 3926 totam
469 3855 622 3927 Galliam
638 3857 836 3926 tristissimo
851 3857 1056 3964 percellitur
1073 3859 1200 3928 nuntio
1219 3886 1226 3925 ε
1248 3859 1437 3930 decessisse
1465 3859 1720 3931 humaniorum
1749 3859 1825 3930 lite·

262 4004 381 4050 rarum
397 3980 549 4049 decuset
561 4004 626 4074 per
643 3981 816 4072 sexaginta
829 3979 995 4075 (⁸)ann0s
1009 3983 1217 4078 magistrum
1227 3997 1300 4052 tam
1315 3981 1549 4080 popularibus
1559 4008 1669 4079 quam
1680 3985 1820 4054 exteris.

262 4105 306 4168 At
323 4099 471 4194 dignum
490 4116 588 4171 tanto
608 4117 708 4198 patre
732 4102 864 4189 hlium,
879 4109 1076 4176 Gusrxvunt
1104 4110 1339 4194 Boissonnnn,
1357 4130 1572 4202 quamquam
1598 4106 1740 4200 injuris
1759 4131 1822 4202 pe·

263 4223 457 4292 netralibus
473 4223 712 4310 habitantem,
735 4250 926 4320 graecarum
940 4227 1147 4296 chartarum
1162 4231 1198 4298 in
1212 4229 1407 4300 hereditate
1428 4243 1574 4324 paterna
1594 4230 1718 4322 ingens
1741 4227 1821 4298 the-

262 4357 386 4416 saurus
408 4347 555 4416 minime
578 4347 705 4417 habuit
727 4349 943 4446 imparatum
970 4378 977 4418 ε
1006 4351 1158 4448 plurima
1178 4349 1239 4418 diu
1264 4348 1421 4442 neglecta
1441 4363 1476 4417 et
1501 4347 1750 4444 sibyllinorum
1775 4349 1822 4419 ad

262 4472 371 4538 instar
385 4469 553 4539 foliorum
565 4469 720 4567 dispersa
731 4473 803 4542 suis
816 4498 965 4570 quaeque
977 4473 1075 4561 locis,
1092 4498 1157 4542 suo
1172 4472 1365 4568 particulas
1379 4497 1538 4568 quasque
1548 4473 1650 4569 operi
1666 4471 1823 4543 reddidit

246 4592 366 4672 ¹docta
390 4607 425 4662 et
450 4595 505 4689 pia
527 4593 669 4687 juvenis
690 4596 755 4664 viri
776 4595 969 4689 diligentia.
991 4598 1048 4666 Sic
1068 4597 1337 4666 annotationem
1357 4597 1392 4666 in
1415 4597 1670 4692 epigrammata
1687 4620 1820 4690 graeca,

261 4715 430 4786 brevibus
449 4717 617 4786 chartulis
636 4719 862 4788 commissam
877 4735 912 4788 et
923 4744 986 4816 per
1000 4721 1124 4814 viginti
1138 4744 1280 4790 annosa
1295 4735 1395 4817 patre
1410 4719 1635 4806 derelictam,
1651 4735 1820 4817 tanquam

265 4837 424 4908 Virbium
450 4841 699 4938 undecumque
723 4842 865 4937 collegit
887 4869 958 4912 una
983 4869 1065 4914 cum
1091 4845 1210 4940 graecis
1232 4845 1340 4941 patris
1367 4867 1476 4914 manu
1499 4844 1688 4930 correctis,
1717 4858 1825 4940 atque

262 4987 352 5058 opus
374 4963 588 5032 Bibliotheca
608 4963 806 5034 Didotianae
822 4965 908 5035 olim
932 4965 1147 5038 destinatum
1170 4967 1263 5038 felici
1285 4991 1392 5062 opera
1412 4967 1632 5038 instauravit.
1662 4971 1821 5035 Benevo-

298 5193 331 5258 (*)
348 5195 396 5245 Per
409 5211 491 5245 annos
503 5202 658 5260 sexaginta!
668 5195 732 5246 Nam
752 5194 864 5248 docendi
884 5197 987 5250 initium
1003 5197 1092 5250 fecisse
1106 5197 1234 5251 dicendus
1251 5209 1289 5260 est
1302 5197 1486 5250 Boissonadius
1499 5215 1552 5268 quo
1571 5216 1641 5250 anxio
1656 5198 1756 5268 scripta.
1772 5196 1825 5249 dis·

262 5290 401 5342 certatione
413 5289 547 5360 respondit
560 5289 706 5343 Academiae
722 5290 755 5343 ad
774 5295 944 5363 quaestionem
960 5294 1111 5365 hujusmodi
1128 5313 1133 5346 :
1150 5295 1303 5348 Bechercher
1315 5297 1350 5347 les
1372 5313 1473 5364 mqrens
1493 5293 1524 5346 de
1546 5295 1660 5346 laniaret
1678 5312 1707 5346 en
1728 5295 1828 5347 Franco

263 5381 359 5436 I'c'tude
370 5385 405 5437 da
419 5405 476 5452 grec
491 5399 515 5438 et
529 5385 565 5438 da
580 5389 661 5449 latin,
678 5388 801 5440 antehoc
817 5390 939 5442 saeulum
954 5409 1024 5444 anno
1036 5391 1117 5444 altero
1148 5375 1369 5444 ttoccxcvul.
