3960 5936
237 475 296 534 erro
810 467 1061 528 ANTHOLOGIAE
1085 467 1284 526 PnLaTlNAE

237 601 381 665 significatio
393 615 423 650 ex
436 603 494 650 Lxx
505 599 692 650 modoaliertur.
710 627 739 634 -
756 607 770 648 c
787 601 849 662 δῶρα
863 599 1012 658 ριλευιάνςου
1061 618 1071 639 ι
1088 601 1124 647 De
1148 598 1272 648 maeandro
1285 597 1392 646 vestium
1407 596 1549 646 ornamento
1571 608 1595 645 r.
1613 593 1698 645 tldlin.
1719 596 1839 648 lionam.

237 673 334 733 Codex,
358 673 461 722 correxit
486 671 621 721 Jacobsius.
650 669 784 720 ltleinelius
805 671 874 720 molit
900 670 1013 732 bepopii'.
1059 669 1127 718 ine'd.
1141 672 1159 719 t.
1177 675 1196 730 l,
1212 683 1236 732 p.
1252 675 1302 718 132,
1318 669 1389 718 conl.
1410 681 1448 731 ep.
1463 681 1576 730 sequens.
1597 687 1608 709 ν
1626 672 1653 716 li.
1671 697 1702 708 -
1723 673 1736 716 5
1754 671 1842 728 αοῡρπν

239 762 250 782 ιι
266 745 393 792 llunerum
409 745 528 791 amantem
543 741 614 789 deum
624 741 737 803 appellat,
753 741 897 789 llerourium
915 743 1014 802 νερλῷον
1058 741 1129 800 Cod.‚
1145 755 1207 789 corr.
1221 741 1334 797 Brunclx,
1352 741 1423 801 κούρη
1442 738 1510 788 Plan.
1532 737 1656 787 Debebant
1669 741 1781 800 κουρέων.
1800 736 1840 785 Διί

237 811 375 873 respiciens.
388 833 399 854 ιι
409 812 533 860 Heclrerus
542 811 600 859 lusit
612 813 669 874 φὼρ,
682 811 855 871 ἀριλιυιοίντου,
869 830 879 850 ιι
889 809 1015 872 aptissimo
1059 811 1142 860 Dianae
1150 824 1281 874 cognomen
1293 811 1414 858 Καλλιστὼ
1422 809 1528 870 respicit.
1539 836 1570 843 —
1579 817 1603 858 ο.
1614 829 1624 849 ιι
1635 807 1716 857 Schol.
1727 806 1840 856 ll'echel.

234 881 348 943 juvenilis
359 883 440 932 aetatis
452 881 567 944 epitheto.
579 901 591 922 υ
607 883 635 928 ln
652 881 699 930 stne
717 880 776 929 cod.
792 881 934 942 ἐφημοσύνης
942 892 1012 940 ,8011Ι
1059 883 1107 930 ἀντὶ
1126 887 1166 930 τοῦ
1187 884 1212 930 ἐκ
1223 884 1298 944 ψυχῆς
1311 881 1423 942 ἁγαπῴης
1445 881 1483 927 καὶ
1509 880 1665 940 &operirem
1680 877 1769 941 Scripsi
1782 879 1842 940 πρὸς

236 952 352 1002 Reisiius.
1058 955 1122 1015 ψυχῇ
1139 967 1153 1001 e
1168 955 1307 1014 conjectura
1321 949 1435 998 Jacobsii.
1449 971 1460 992 ν
1475 951 1505 998 Β.
1517 951 1572 1006 Qua
1585 963 1632 998 non
1649 962 1726 1012 opus,
1743 961 1788 997 nec
1804 960 1846 1008 re,

1058 1023 1122 1085 cepit
1131 1022 1234 1071 Meinek.
1249 1036 1274 1085 p.
1284 1025 1321 1070 28.

267 1091 434 1139 CCLlllinll.
450 1109 462 1132 ιι
479 1093 507 1140 111
522 1090 627 1154 puellam
638 1089 695 1138 olim
709 1089 837 1152 superbam
856 1092 881 1139 et
890 1103 1013 1150 severam,

235 1175 314 1220 nunc,
338 1174 416 1224 quum
437 1162 518 1210 vetula
537 1161 602 1210 iacta
627 1163 707 1220 esset,
733 1159 859 1222 adpensa
882 1160 1013 1208 relectam.

235 1233 368 1281 Connnodc
379 1233 436 1282 lruic
456 1233 529 1296 epigr.
551 1232 756 1282 liltscherlicbius
773 1234 880 1283 admonit
894 1233 982 1283 Tibull.
994 1235 1013 1293 l,

236 1304 266 1352 ei.
279 1312 303 1364 6,
317 1307 369 1352 77:

1089 1171 1267 1219 cccxxxvii.
1285 1169 1320 1216 Ex
1336 1165 1489 1230 precedente
1501 1164 1673 1229 epigrammate
1686 1178 1842 1228 expressum.

1058 1267 1089 1278 -
1105 1245 1113 1290 t
1130 1241 1224 1304 ἐῡπάρθ,
1236 1238 1297 1288 God.
1317 1243 1372 1287 -lr
1394 1239 1549 1292 πολυπλανίος
1566 1237 1626 1286 Cod.
1644 1239 1670 1286 et
1681 1237 1758 1297 Plan,
1773 1239 1801 1286 at
1817 1237 1843 1285 in

1059 1310 1098 1359 illo
1112 1310 1303 1373 superscriptum
1316 1323 1321 1350 z
1332 1326 1368 1370 γρ.
1382 1309 1562 1370 παλιμπλανέος.
1577 1307 1669 1356 Ibidem
1685 1307 1762 1356 schol.
1780 1321 1786 1348 ι
1801 1313 1844 1354 νῦν

1060 1382 1098 1428 τὸν
1108 1380 1212 1441 ποταμὸν
1222 1378 1338 1441 σημαίνει.
1349 1384 1404 1426 -o
1418 1379 1485 1424 λαιὰν
1499 1379 1524 1424 et
1539 1376 1626 1436 λαγόνα
1645 1374 1706 1424 cod.
1724 1389 1739 1424 a
1753 1388 1790 1438 pr.
1807 1389 1842 1423 m.

1059 1450 1173 1500 habuisse
1186 1449 1291 1499 videtur.
1312 1475 1343 1484 -
1360 1452 1373 1498 7
1389 1449 1414 1496 δὲ
1432 1453 1471 1496 νῦν
1488 1451 1513 1496 et
1529 1445 1687 1495 ίαοπάλαστον
1705 1446 1776 1504 cod,
1797 1445 1845 1494 sed

1059 1525 1123 1570 recte
1138 1524 1271 1583 utrumque
1292 1519 1357 1568 l‘lan.
1377 1517 1457 1566 schol.
1479 1517 1566 1566 Weclr.
1583 1537 1590 1566 ·.
1608 1523 1717 1576 scopes·
1735 1517 1843 1577 ὑδάτων,

1058 1591 1163 1640 τουτέστι
1181 1593 1210 1638 τὰ
1229 1591 1330 1644 ἐπιδέξια
1347 1593 1390 1636 τοῦ
1413 1593 1530 1649 ποταμοῦ.
1550 1611 1580 1621 -
1604 1591 1618 1638 8
1644 1585 1762 1646 aserenan
1778 1585 1842 1634 CDd.

1060 1681 1072 1703 ιι
1089 1663 1162 1710 llecte
1184 1661 1250 1710 l‘lao.
1266 1661 1292 1708 et
1307 1657 1410 1708 Brunclr.
1436 1659 1473 1705 int
1498 1659 1612 1719 σπιθαμῇ.
1632 1657 1845 1704 Omarnentuma

290 1431 330 1472 Ast
338 1439 388 1483 qnae
400 1426 443 1471 lida
455 1426 497 1470 init
509 1427 576 1480 nulli,
587 1432 650 1484 post,
663 1427 722 1472 ricta
732 1427 820 1486 senecta
830 1417 846 1480 ,¹
907 1477 909 1480 ¹

315 1492 382 1535 Ducit
395 1491 460 1546 inops
470 1489 564 1534 tremuli
574 1490 670 1533 stamina
678 1491 738 1532 torta
748 1501 824 1532 manu.
837 1503 846 1528 ι

235 1607 293 1654 Joc.
311 1631 342 1648 ,-
359 1611 372 1654 2
392 1605 445 1666 οὐχι
460 1603 530 1666 (sine
543 1604 611 1664 aec.)
630 1621 653 1652 ν.
668 1605 735 1665 θεὸν,
754 1616 768 1652 a
784 1605 920 1653 correctore
941 1605 1014 1664 θεῶν,

236 1674 296 1723 Cod.
310 1677 400 1736 Apogr.
413 1677 466 1722 Per.
481 1675 544 1722 θεάν.
560 1700 589 1710 -
606 1678 620 1724 3
636 1675 716 1736 pretio
727 1673 799 1728 Cod..
810 1673 853 1722 sed
866 1675 933 1723 recte
945 1673 1013 1724 Plan.

236 1774 267 1784 -
279 1747 294 1791 4
306 1743 350 1805 ὀψέ
359 1743 380 1790 τ’
397 1743 513 1801 Ἀθηναίην
526 1745 612 1804 Κύπρις
620 1743 651 1790 e..
667 1745 725 1792 r'ett.
741 1742 810 1792 editt.
821 1742 1015 1803 rimatorem

237 1812 336 1861 Grotius
353 1815 474 1861 correctas
493 1811 650 1873 sequebatur,
666 1811 708 1874 qui
728 1812 775 1862 alio
792 1812 847 1862 loco
867 1815 1015 1877 epigramma

238 1882 304 1945 liunc
315 1882 340 1930 in
352 1882 454 1932 modum
469 1881 575 1931 reddidit
588 1903 594 1931 ι

1058 1731 1132 1851 imm
1140 1745 1185 1780 acu
1193 1731 1285 1794 pictum
1294 1729 1439 1792 spithamam
1446 1727 1578 1778 excedebat
1586 1727 1673 1791 palmae
1681 1725 1822 1777 latitudine.
1831 1747 1843 1770 ν

1076 1817 1116 1852 oe.

1090 1943 1278 1992 coemittit.
1292 1941 1415 1997 Quattuor
1428 1938 1485 1988 filia
1494 1936 1651 2000 Lycomedis,
1662 1936 1792 1996 textrices,
1808 1948 1845 1984 ar-

1058 2015 1090 2062 tis
1111 2025 1163 2062 sue
1184 2013 1345 2060 instrumenta
1370 2011 1485 2058 llinerraa
1503 2008 1615 2057 dedicant
1636 2021 1693 2056 curn
1719 2005 1843 2069 precibus.

1059 2083 1162 2128 Carmen
1177 2079 1248 2128 ualde
1263 2079 1433 2140 depravatum.
1449 2105 1477 2112 -
1493 2077 1647 2139 17υηομῄδης
1657 2074 1754 2132 coclers
1767 2081 1845 2126 Auze-

1060 2153 1144 2214 μήδους
1157 2150 1268 2206 Salmasz
1282 2150 1433 2212 Λυκομήδους
1452 2148 1553 2197 bleiuek.
1563 2161 1587 2212 p.
1603 2151 1656 2198 tlt.
1671 2145 1723 2195 Nisi
1738 2149 1844 2195 matrem

1059 2223 1185 2272 nominare
1198 2225 1270 2284 poeta
1283 2221 1374 2282 uoluit,
1385 2221 1533 2282 Λυκομήδης.
1550 2245 1579 2254 -
1589 2223 1612 2268 3.
1623 2219 1716 2280 Ἔργων
1729 2219 1756 2265 ἐκ
1771 2217 1843 2266 δοιοὶ·

1059 2311 1099 2348 τας
1111 2292 1151 2340 llic
1165 2291 1265 2354 intelligi
1278 2291 1380 2352 nequit,
1394 2304 1471 2352 quum
1487 2302 1535 2338 non
1553 2302 1655 2351 operum
1673 2300 1775 2336 suorum
1790 2300 1845 2350 par·

1060 2369 1109 2412 tem
1123 2363 1183 2422 illae,
1201 2361 1245 2410 sed
1264 2361 1316 2424 ipsa
1333 2361 1392 2410 artis
1405 2361 1567 2409 instrumenta
1581 2359 1634 2408 deae
1652 2359 1767 2408 citerani.
1778 2359 1843 2406 Olim

1059 2436 1110 2482 iac.
1136 2433 1271 2494 conjecerat
1290 2432 1376 2493 ὄργανα
1396 2435 1437 2485 τᾶς
1454 2433 1535 2492 τέχνας
1551 2431 1683 2490 aetatique.
1705 2429 1842 2478 Boissott.=

1061 2522 1072 2544 «ι
1085 2500 1201 2549 0lierunt
1212 2502 1280 2549 texta
1294 2513 1350 2561 que
1359 2499 1417 2562 ipsis
1425 2499 1527 2548 maxime
1538 2499 1633 2561 placent
1644 2535 1650 2558 ,
1660 2497 1779 2547 decimam
1788 2511 1843 2560 ope

1061 2585 1114 2620 rum
1129 2574 1237 2634 partem,
1253 2574 1278 2620 et
1301 2571 1398 2634 insuper
1414 2570 1576 2632 instrumenta
1592 2569 1660 2620 artis.
1684 2589 1696 2612 ν
1723 2569 1771 2620 Sed
1796 2569 1844 2619 hoc

1060 2653 1139 2702 graece
1152 2642 1217 2689 essct
1235 2641 1308 2703 ἔργων
1328 2643 1357 2688 τὰ
1372 2643 1499 2701 notatoque
1515 2640 1622 2688 δεκάταν.
1641 2639 1715 2698 Quod
1732 2640 1845 2702 sequitur

1061 2713 1174 2776 ἀτράκτου
1197 2711 1320 2774 epitheton
1339 2711 1465 2772 πρόοεργον
1486 2712 1514 2771 (ι
1535 2713 1661 2772 exspectes
1684 2710 1806 2771 πόττργον.
1830 2729 1841 2751 ν

1061 2783 1136 2844 loc.)
1152 2785 1236 2831 tuetur
1246 2782 1371 2830 llerlrerus
1380 2781 1434 2830 coll.
1448 2783 1494 2831 Vll
1507 2793 1546 2842 ep.
1561 2784 1616 2838 728,
1627 2785 1642 2829 8
1654 2801 1660 2827 :
1674 2781 1714 2827 τὸν
1726 2781 1844 2842 συνέριθοι

1062 2853 1188 2916 ἄτρακτον,
1200 2853 1225 2901 et
1234 2853 1279 2911 Vl,
1290 2865 1328 2913 ep.
1339 2855 1379 2910 33,
1391 2855 1415 2910 3,
1427 2850 1495 2910 μίτον
1506 2849 1627 2898 πολυδὶνεα
1637 2849 1753 2910 λάτριν.
1764 2847 1843 2896 Etiam

1060 2921 1147 2972 Suidas
1156 2921 1264 2985 agnoscit
1280 2921 1303 2969 in
1321 2922 1413 2986 Ἥτρια.
1424 2920 1522 2969 Jacobs.
1537 2919 1679 2980 conjiciebat
1688 2919 1842 2982 αροιιουργὸν,

1061 2993 1114 3042 coll.
1129 3007 1167 3056 ep.
1182 2997 1235 3052 239,
1247 2997 1275 3049 3’,
1285 2991 1387 3040 treinel.
1400 2993 1439 3040 τόν
1453 2991 1475 3038 τ’
1491 2991 1615 3053 ἐριουργόν.
1628 2993 1680 3038 -4
1691 2989 1730 3049 τὰ,
1739 2991 1752 3015 *
1763 2988 1844 3050 νατρία

292 2009 347 2058 one
357 2005 420 2062 prius
431 2009 520 2048 auratos
531 2005 591 2049 λοισι
601 2006 710 2058 regnabat
719 2017 820 2058 amores,

317 2069 362 2110 Nec
373 2068 470 2109 Nemesis
481 2067 543 2110 dura
554 2068 606 2120 lura
618 2067 706 2111 timeret
718 2066 785 2121 nere,
848 2099 850 2108 .

289 2131 390 2183 l’anpere
398 2129 444 2180 jam
460 2129 515 2172 telas
525 2129 638 2184 percurrit
648 2129 737 2183 pectine
750 2143 756 2168 ι
766 2139 842 2172 serunt

315 2195 347 2235 De
356 2193 433 2235 tenera
442 2191 540 2246 spolium
550 2189 650 2246 cypride
660 2189 733 2234 Pallas
741 2191 815 2235 lrabet.

267 2333 432 2381 CCLXXXIV.
455 2331 592 2381 Philenium
613 2331 743 2390 meretrix,
769 2345 843 2392 quam
864 2332 928 2382 domi
954 2339 1015 2384 clam

237 2400 341 2451 ilabebat
358 2400 506 2464 Agamedes,
523 2403 618 2449 restem
640 2400 662 2449 ei
680 2401 769 2450 texuit.
791 2400 829 2450 ad
846 2415 903 2464 queo
919 2407 990 2466 poeta
1008 2426 1014 2454 :

238 2477 299 2534 lpse
311 2474 372 2534 jam
393 2474 475 2520 Venus
489 2473 605 2528 leciri&
621 2471 671 2531 jam
686 2471 798 2530 leminea,
809 2485 865 2534 que
880 2478 1016 2537 contempta

238 2545 331 2592 Venere
343 2541 477 2590 Mineruam
489 2545 514 2598 et
528 2543 648 2590 iunonem
662 2542 757 2602 colunt,
770 2541 856 2591 otiosae
870 2543 970 2593 sedeant
985 2545 1014 2595 li·

238 2617 284 2662 τοί.
300 2613 456 2674 integerrima
469 2611 540 2661 nobis
556 2623 609 2660 esse
622 2610 719 2660 ridetur
732 2611 853 2674 scriptura
862 2613 1018 2677 epigramma·

237 2683 283 2740 tis,
298 2694 372 2742 quam
387 2680 532 2741 conjecturis
545 2680 690 2730 sollicitabat
704 2680 839 2730 Jacobsius.
853 2709 883 2718 —
899 2688 908 2732 1
924 2684 1014 2746 ἀναμη-

237 2755 290 2807 λοὺς
302 2751 373 2810 Cod„
391 2764 452 2800 corr.
469 2749 569 2799 Salmas.
588 2781 614 2792 -
628 2756 650 2800 3.
664 2770 674 2792 ι
689 2753 778 2800 Sensus
792 2751 833 2800 hic
846 2765 899 2802 esse
911 2753 1014 2804 ridetur.

238 2827 320 2879 Quum
335 2821 443 2882 potuerit
457 2819 601 2868 Philenium
619 2820 644 2868 in
661 2819 715 2869 sinu
734 2822 806 2871 amati
819 2822 864 2871 riri
881 2823 1015 2886 recubans,

238 2891 375 2952 dormiens,
391 2889 535 2952 lasciviens,
555 2891 664 2939 tunicam
679 2892 777 2951 texere,
795 2891 851 2940 lecit
864 2893 915 2954 ipsa
935 2895 1017 2942 venus

239 2976 283 3025 pro
293 2960 408 3010 Philaenio
416 2961 557 3010 lanificium.
570 2963 657 3010 Ameut
666 2973 723 3023 ergo
730 2961 779 3022 J'am
792 2962 886 3011 semina
895 3001 901 3022 ,
910 2965 934 3012 et
943 2977 1017 3026 pensa

239 3031 263 3080 in
277 3031 379 3094 quasillo
386 3031 466 3094 jacere
479 3030 576 3079 siriam:
592 3043 637 3092 pro
646 3029 705 3092 ipsis
718 3033 801 3080 Venus
811 3031 884 3082 trahet
896 3047 991 3084 manus.
1005 3055 1016 3079 ν

239 3104 271 3151 B.
280 3105 335 3151 —l
347 3101 395 3164 ἔχει
409 3099 488 3150 lleislr.
499 3103 524 3150 et
536 3100 632 3149 Bruncl
645 3138 651 3161 ,
665 3099 747 3150 minus
759 3104 833 3164 apte..

270 3239 424 3288 ccblillllll.
447 3257 458 3280 ι
480 3238 536 3287 Sine
548 3237 700 3288 haesitatione
716 3238 833 3288 Nicarcho
845 3241 931 3292 tribuit
949 3244 1015 3294 Plan.

238 3308 338 3367 Puella,
353 3320 408 3368 quac
423 3306 571 3369 aliquamdiu
586 3307 662 3357 vitam
678 3308 784 3358 texendo
795 3310 954 3374 toleraverat,
971 3317 1016 3363 tae-

239 3377 280 3427 dio
292 3375 381 3427 laboris
396 3380 480 3439 capta,
497 3376 529 3426 ad
548 3377 650 3428 Veneris
663 3381 742 3428 eastra
756 3381 857 3442 transit,
869 3381 1016 3434 instrumen-

239 3449 322 3510 tisque
345 3446 397 3496 suis
419 3447 444 3495 in
462 3447 514 3496 deae
531 3448 652 3498 uestibulo
670 3449 840 3510 conerematis,
858 3456 971 3514 quaestus
988 3455 1019 3505 de

240 3531 341 3580 corpore
365 3517 469 3566 iaciendi
483 3517 602 3568 decimam
624 3521 704 3569 roret.
719 3545 751 3556 -
772 3526 793 3570 1.
812 3523 842 3570 'll
862 3525 907 3572 ὑπὸ
929 3527 1018 3587 κερκίσι

240 3591 306 3640 idem
322 3591 371 3638 iere
380 3588 447 3651 quod
461 3589 593 3652 ίνιιιριιίσι.
605 3590 675 3640 Plato
689 3592 765 3640 Conv.
779 3605 802 3654 p.
817 3595 901 3654 tuac
917 3609 923 3638 τ
939 3599 962 3645 ori
973 3599 1018 3647 ὑπὸ

240 3661 326 3714 πάσαις
339 3664 387 3714 ταῖς
404 3661 494 3720 τέχναις
508 3659 611 3720 ἐργασίαι
625 3660 731 3717 ποιήσεις
752 3660 807 3710 εἰσί.
826 3663 862 3712 ld.
876 3664 946 3727 Hipp.
961 3666 1017 3727 maj.

240 3744 263 3792 p.
272 3735 326 3788 295,
337 3731 367 3788 D,
377 3727 460 3791 ibique
470 3727 592 3778 lleindori.
600 3755 630 3764 -
639 3733 662 3778 l.
673 3729 752 3792 lunge
765 3732 873 3782 ίθετοέπί
883 3741 954 3798 πυρῆς
966 3753 1019 3800 προ-

241 3801 322 3859 ὄόμου.
337 3800 407 3862 lgue,
426 3811 501 3860 quem
517 3798 676 3849 investibulo
694 3801 779 3864 templi
791 3803 951 3864 accenderat,
965 3820 1020 3856 con·

241 3868 387 3938 cremarit.»
406 3871 463 3919 Joc.
482 3871 550 3918 «Pro
565 3875 637 3934 πυρῆς
648 3869 723 3919 vertit
740 3871 838 3920 Grotius
855 3874 1019 3936 conjecturam

241 3939 352 3988 inutilem
361 3939 369 4002 [
379 3937 489 4002 Drodaei]
498 3940 578 3997 πύλης.
597 3941 671 3988 vene
686 3960 693 3990 ν
706 3943 734 3988 ln
746 3953 807 4004 roqo
820 3946 882 3992 onie
894 3945 1019 4007 templum

241 4011 337 4074 posuit.
355 4028 366 4052 ν
384 4010 414 4056 Β.
429 4011 507 4058 versu
521 4013 535 4058 3
550 4009 580 4058 τά
595 4027 619 4057 ιι
633 4011 704 4068 πηνίον
717 4011 849 4062 Meinelrius
862 4027 886 4076 p.
904 4019 956 4065 180.
975 4017 1019 4066 Le·

242 4079 343 4142 gebatur
352 4095 376 4127 τε
390 4079 419 4126 τὰ
430 4097 483 4136 πην.
502 4104 531 4113 -
542 4086 564 4128 5.
583 4099 594 4120 ιι
609 4082 687 4142 Supra
703 4094 741 4142 ep.
756 4085 800 4140 17,
813 4083 836 4131 in
848 4083 933 4133 eadem
947 4085 1020 4135 histo-

242 4148 293 4206 rio,
308 4151 383 4208 κερκὶς
402 4149 536 4210 appellatur
554 4150 649 4211 λιμηρῆς
670 4151 766 4213 ἄρμενον
779 4153 894 4212 ἑργασίηι.
908 4158 970 4204 Sunt
983 4155 1019 4204 in·

243 4221 378 4268 strumenta
390 4218 477 4280 opilicii
491 4219 553 4268 male
563 4223 588 4269 et
600 4220 687 4269 misere
702 4221 794 4270 olentis.
811 4249 841 4257 -
852 4231 866 4272 ο
878 4227 935 4272 νέων
953 4227 1018 4276 Plan.

243 4315 275 4324 -
290 4293 313 4338 7'.
337 4291 420 4336 Artem
444 4289 574 4350 musicam,
607 4293 635 4339 ut
651 4304 706 4339 mos
720 4295 786 4352 erat,
806 4307 862 4342 eum
874 4296 925 4344 rita
942 4310 1020 4348 mere-

243 4359 312 4408 tricia
329 4358 501 4424 corrjungebat,
514 4360 624 4408 convivia
633 4363 658 4410 et
669 4361 850 4412 comissationes
866 4363 932 4416 tibiae
947 4367 1022 4418 citha·

243 4441 309 4477 rcere
328 4431 401 4476 cantu
422 4431 522 4486 (πηκτὶς
542 4429 607 4478 enim
627 4433 773 4494 utrumque)
786 4429 927 4484 exhilarans.
942 4438 1021 4500 Ἐχενν

244 4495 333 4558 pendet
355 4496 385 4545 ab
406 4499 493 4556 silero,
513 4499 578 4560 quod
600 4500 721 4550 rariandae
742 4502 857 4552 orationis
876 4517 950 4554 causa
968 4512 1022 4569 post

1062 3063 1115 3124 (sic)
1130 3061 1227 3122 Codex,
1246 3065 1271 3112 et
1283 3061 1307 3110 iu
1321 3075 1397 3124 marg.
1416 3061 1547 3124 repetitum
1556 3059 1652 3120 saepia,
1662 3073 1720 3110 cum
1732 3058 1843 3107 acholio:

1061 3134 1209 3196 νητρίαλὲγτι
1225 3134 1278 3188 τοὺς
1295 3134 1420 3195 στήμονας·
1435 3133 1510 3180 Recte
1523 3145 1561 3193 ap.
1579 3130 1647 3180 sold.
1660 3130 1703 3178 τάν
1716 3130 1791 3206 deora.
1808 3131 1845 3178 De

1062 3217 1112 3267 qua
1129 3217 1189 3253 voce
1203 3203 1323 3252 ridendus
1341 3201 1437 3250 ltuhnlr.
1454 3201 1484 3251 ad
1501 3203 1561 3251 Tim.
1580 3215 1604 3265 p.
1626 3207 1677 3252 135.
1692 3227 1725 3237 -
1745 3208 1769 3251 5.
1784 3203 1841 3262 Kap-

1062 3276 1115 3324 νίδα
1129 3275 1205 3322 ἀοιδὸν
1223 3271 1362 3336 (aristoph.
1379 3275 1438 3322 ban.
1462 3275 1539 3332 1318)
1556 3271 1646 3334 sepius
1659 3271 1711 3333 jam
1727 3271 1844 3320 vidimus.

1063 3369 1092 3380 ·-·
1102 3353 1126 3396 (t.
1142 3344 1219 3394 Schoi.
1235 3344 1260 3393 in
1276 3345 1336 3394 God.
1357 3345 1445 3402 ειτηνία
1461 3343 1606 3406 δὲ[τὰ]περί
1620 3343 1766 3399 sobrietatis
1778 3343 1844 3403 ἔργα·

1062 3418 1121 3464 λεία.
1137 3413 1223 3463 Sttidas
1239 3435 1245 3462 ι
1263 3414 1359 3473 πηνίον,
1377 3413 1390 3460 ὁ
1410 3414 1521 3476 ἄτρακτος
1537 3415 1560 3462 ἐν
1579 3415 1599 3474 ᾧ
1615 3416 1709 3462 είλτῖται
1727 3417 1741 3471 ἡ
1761 3413 1843 3471 aeriam

1064 3484 1135 3534 coni.
1149 3497 1188 3547 ep.
1206 3489 1259 3544 285,
1272 3488 1294 3533 3.
1311 3483 1403 3532 Deinde
1423 3483 1506 3532 Codex
1526 3483 1652 3545 κιρταοιὰς
1672 3485 1758 3532 τούσδε
1778 3485 1847 3544 ποτίρ

1063 3555 1157 3618 portu,
1172 3557 1200 3602 ut
1213 3552 1296 3602 Suidae
1307 3568 1407 3616 quoque
1416 3553 1486 3612 libri,
1500 3553 1543 3616 qui
1551 3555 1697 3618 ποτιρογὲας.
1709 3555 1745 3602 De
1755 3553 1847 3614 quibus

1062 3627 1087 3674 et
1099 3624 1211 3686 sequenti
1227 3621 1397 3683 hemistichia,
1413 3637 1469 3686 quae
1482 3625 1586 3673 lleinei.
1599 3627 1624 3674 et
1639 3625 1741 3674 llecber.
1754 3625 1847 3674 intacta

1063 3695 1216 3757 relinquunt,
1232 3695 1373 3744 criticorum
1387 3695 1445 3742 olim
1459 3695 1585 3744 conanime
1597 3695 1673 3744 trabes
1689 3709 1728 3759 ap.
1745 3698 1799 3744 lac.
1816 3695 1847 3744 ad

1064 3765 1177 3814 analecta
1192 3768 1211 3814 t.
1227 3767 1288 3824 vlt,
1308 3779 1332 3828 p.
1348 3769 1376 3815 87
1395 3778 1447 3827 seq.
1465 3765 1512 3822 Qui
1527 3766 1551 3814 in
1563 3768 1625 3815 nott.
1645 3779 1704 3815 mss.
1724 3785 1731 3815 ι
1753 3785 1765 3808 ιι
1778 3768 1845 3816 Fort.

1064 3837 1102 3884 καὶ
1118 3835 1231 3897 ταλάρους
1242 3836 1324 3884 τούσδε
1337 3835 1390 3884 ποτ’
1406 3835 1519 3898 αῤῥαγέας
1538 3855 1566 3894 ν,
1579 3835 1611 3884 ad
1628 3835 1705 3884 Palat.
1724 3837 1779 3884 ποτ’
1789 3839 1848 3898 etpo-

1063 3911 1140 3968 χοροῖς
1152 3905 1206 3953 coll.
1225 3905 1313 3954 archia
1326 3917 1400 3967 supra
1411 3919 1450 3967 ep.
1468 3910 1507 3965 39,
1518 3913 1541 3956 c.
1553 3911 1605 3955 —7
1616 3909 1655 3954 aei
1665 3907 1757 3961 σπάθας
1770 3908 1848 3968 πλερι-

1064 3978 1107 4032 aare
1121 3977 1267 4038 πολυοίργυρα
1279 3987 1398 4024 consensu
1410 3973 1470 4022 eod.
1480 3976 1505 4024 et
1519 3973 1587 4024 snid.
1597 3996 1609 4018 ιι
1620 3978 1663 4024 Est
1671 3976 1757 4025 tritima
1765 3975 1848 4026 brevis

1064 4046 1088 4094 in
1100 4046 1208 4102 σπάθας,
1220 4046 1319 4095 dorismi
1339 4045 1450 4106 licentia,
1463 4047 1534 4110 cujus
1546 4049 1583 4096 tot
1596 4049 1654 4097 sunt
1672 4048 1698 4096 in
1715 4047 1849 4098 Theocrito

1064 4117 1172 4178 exempla
1183 4155 1189 4178 ,
1203 4131 1228 4167 ν,
1239 4132 1261 4166 c.
1272 4123 1350 4170 πᾶσαι
1362 4119 1382 4178 l,
1396 4121 1434 4166 83.
1450 4116 1518 4165 Adde
1531 4123 1571 4166 131
1582 4119 1632 4181 ;ll,
1647 4124 1703 4174 1003
1716 4120 1763 4176 lll,
1774 4125 1788 4168 2
1798 4137 1805 4179 ς
1816 4122 1848 4178 V,

1066 4192 1125 4246 1-18ς
1138 4189 1181 4248 vl,
1191 4193 1234 4246 323
1248 4189 1301 4246 Vll,
1319 4191 1357 4248 87,
1373 4189 1421 4235 etc.
1438 4189 1505 4236 lnter
1516 4187 1564 4237 alia
1579 4187 1668 4238 menda
1683 4189 1715 4238 ab
1730 4189 1784 4238 aliis
1798 4203 1850 4238 cor·

1065 4260 1130 4308 recta
1142 4257 1224 4307 Codex
1234 4257 1308 4306 babet
1324 4259 1371 4311 τὼς
1380 4259 1413 4306 δέ,
1430 4258 1521 4319 Scripsi
1535 4259 1614 4307 τάσδε.
1629 4277 1640 4300 ι
1653 4259 1684 4308 B.
1702 4261 1756 4308 lloc
1772 4259 1850 4320 etiam

1066 4329 1207 4380 lleinelrius.
1217 4330 1304 4378 Cetera
1321 4328 1409 4389 bolso,
1420 4329 1490 4390 cujus
1501 4331 1560 4378 suut
1576 4329 1665 4390 latina,
1680 4329 1716 4378 sic
1732 4327 1803 4378 dedit
1819 4343 1850 4378 ex

1065 4401 1116 4448 lac.
1131 4402 1157 4448 et
1171 4398 1282 4448 salmasii
1296 4399 1460 4462 conjecturis:

1159 4523 1246 4584 ποινίπ,
1260 4525 1300 4572 καί
1315 4523 1428 4587 ταλάρους
1439 4523 1522 4571 τούσδε
1531 4523 1583 4571 ποτ’
1593 4524 1732 4586 ελροχσρτῖς,

141 4625 146 4639 .
244 4566 396 4615 accusativos
410 4567 534 4620 nominum
550 4569 694 4619 infinitivum
709 4571 754 4620 sibl
764 4571 881 4632 adjunxit.
894 4594 905 4617 υ
921 4579 977 4626 loc.
992 4604 1022 4613 —

245 4641 260 4686 8
281 4637 366 4690 θαόίακ
384 4636 455 4698 (Μ,
478 4639 629 4703 superposito
651 4643 672 4688 λ.
698 4667 729 4677 -
762 4642 903 4704 mmm
924 4645 987 4696 idem
1008 4663 1023 4697 a
1129 4595 1167 4642 ιιαὶ
1181 4594 1271 4650 σπάθας
1294 4594 1403 4656 saepem
1425 4596 1564 4656 πολοὲργους
1577 4594 1662 4655 τάσδε,
1677 4596 1785 4658 πενιχροί
1799 4598 1847 4646 etc.

245 4719 282 4768 ΡΥ·
298 4719 335 4780 m.
1067 4717 1168 4766 lleinel.
1188 4730 1246 4766 cum
1265 4716 1360 4766 Reislio
1371 4717 1497 4779 ἐμὸριθεῖς,
1509 4716 1576 4779 quod
1589 4719 1639 4766 λου.
1651 4731 1750 4780 quoque
1764 4720 1852 4782 posuit

1067 4787 1184 4837 innostro
1196 4787 1317 4850 exemplo,
1328 4789 1495 4850 praetereaque
1505 4787 1669 4848 coniecturam
1679 4787 1712 4838 ad
1724 4789 1802 4840 Palat.
1813 4789 1849 4838 sic

1068 4857 1185 4919 prolatam
1196 4877 1202 4906 ι
1215 4877 1228 4900 ο
1239 4859 1321 4913 Quum
1331 4855 1441 4918 Archias,
1452 4857 1495 4920 qui
1503 4857 1550 4906 lroc
1557 4857 1631 4921 epigr.
1643 4861 1765 4922 expressit
1774 4873 1800 4907 n.
1809 4863 1850 4920 39,

278 4845 443 4895 cclxxxvi.
466 4867 478 4889 ιι
493 4850 555 4898 Tres
577 4849 664 4912 puelle
681 4849 802 4914 institam,
816 4857 938 4905 communi
952 4871 1024 4921 opere

218 4933 219 4940 ι
247 4915 409 4994 elaboratam,
421 4917 504 4966 Dianae
522 4917 642 4969 dedicant.
657 4951 687 4964 -
712 4927 732 4972 1.
750 4921 887 4974 Admodum
905 4926 970 4977 latus
985 4929 1024 4978 ille
1068 4927 1161 4990 puellas
1168 4927 1375 4976 illainstrumenta
1384 4929 1533 4990 provectiore
1545 4931 1617 4978 aetate
1626 4927 1752 4980 dedicasse
1764 4929 1851 4993 fingat,

247 4981 426 5068 imbuende.
438 4989 498 5036 llam
514 4991 631 5046 παλαιστὴ
643 4993 695 5041 erat
708 4996 834 5054 quattuor,
849 4999 953 5058 οπιοομη
967 4997 1025 5048 duo
1069 4997 1179 5060 suspicor
1188 4998 1255 5047 rllum
1269 4999 1354 5062 legisse
1362 5013 1400 5060 ap.
1412 4999 1542 5049 Leonidam
1554 5020 1560 5048 ι
1575 5001 1614 5048 eoi
1626 5003 1852 5062 σποοαςεὺὸριῦεῖς,

247 5053 326 5104 dscrm
335 5053 465 5138 digitorum
474 5071 596 5108 mensura.
610 5061 680 5112 coni.
692 5062 771 5126 adep.
782 5078 832 5127 seq.
849 5079 947 5116 versum
961 5074 984 5118 8.
993 5095 1025 5105 -
1068 5067 1119 5115 πολ
1128 5071 1173 5124 ιᾶς
1186 5069 1272 5131 γέρας
1282 5073 1327 5124 ’ὡς
1336 5069 1360 5117 δὲ
1368 5086 1405 5129 π.,
1415 5069 1611 5132 quodamembr.
1619 5070 1727 5133 vestigiis
1738 5071 1854 5133 proxime

249 5127 271 5172 ³.
285 5125 633 5210 diepa,sm18trampartem.
648 5133 728 5181 aroc.
739 5158 769 5168 -
783 5138 807 5183 i.
822 5133 901 5185 schol.
916 5157 922 5186 z
937 5137 1025 5200 κόσμος
1069 5136 1146 5186 abest.
1163 5139 1311 5188 »coeteros
1323 5139 1478 5203 πολυάργυρε,
1497 5141 1543 5196 τὼς
1559 5141 1584 5188 δὲ
1597 5157 1634 5200 π.,
1650 5140 1680 5189 ad
1698 5139 1772 5194 deam
1790 5141 1855 5190 reie-

171 5240 175 5252 ,
249 5213 287 5280 τις1
295 5198 399 5259 οροροιός
409 5200 472 5268 παρὰ
487 5205 534 5257 τοῖς
544 5201 702 5265 exortamur,
715 5207 755 5254 καὶ
767 5206 827 5262 εἶδος
836 5209 950 5265 tenaciae
962 5212 1026 5273 παρὰ
1069 5208 1854 5274 rens,oppositumrocirtenqpei‚anisipraestetootooiropsm

250 5280 296 5320 τοις
317 5269 520 5330 λπποδαμάσταις,
536 5273 576 5320 καί
599 5273 703 5336 ποταμὸς
718 5275 822 5334 Μιλήτου
849 5279 863 5326 ό
887 5280 1024 5344 Μαίανδρος.
1070 5281 1152 5331 Codex
1168 5289 1283 5347 πενιχραῖ.
1302 5309 1331 5320 -
1345 5289 1367 5334 8.
1382 5284 1461 5348 liujus
1475 5285 1665 5336 versusultintae
1681 5286 1735 5337 ruci
1758 5285 1856 5338 adscri-
