4018 5938
744 461 782 520 IN
804 462 926 523 CAPUT
947 465 1097 526 PRIMUM
1117 467 1343 528 ΑΝΝΟΤΑΤΙΟ.
1784 480 1822 538 lu

259 589 325 638 m
342 591 361 636 1.
376 589 424 636 Ρισ
443 589 470 638 σὺ
483 589 646 647 rabinatus.
663 610 674 633 ι
690 593 773 642 lucta
790 596 899 656 puteum
914 609 1002 660 apuu,

227 656 316 707 Genea.
325 659 409 718 XXIV,
421 663 456 708 11.
471 659 524 708 lion
537 660 620 722 procul
635 661 666 710 ab
679 662 749 724 aquis
762 676 822 711 uxor
834 665 1004 728 gentilisque·

226 727 274 777 sita
293 728 369 778 iniaae
390 727 486 788 dicitur,
500 729 602 792 scilicet,
616 735 644 780 ut
662 735 731 794 puto,
747 735 775 783 ut
794 739 858 786 esset
878 736 902 784 in
916 736 1003 786 vicima

228 799 283 848 tons
295 797 452 861 baptismalis.
463 800 534 850 conl.
548 813 586 864 ep.
602 805 639 850 75.
657 823 668 844 ν
685 803 715 851 lt.

257 941 333 990 usu.
348 939 510 1004 arnugum
522 944 564 1002 ιν,
580 957 601 991 e.
617 947 640 992 ι.

256 1080 344 1132 LXXII.
359 1082 387 1128 in
399 1079 513 1130 lemmate
525 1080 585 1130 Cod.
600 1083 675 1138 ἡλιοῡ.
697 1111 727 1122 -
746 1089 768 1130 2.
786 1101 797 1122 ι
819 1083 896 1144 ibic,
914 1082 938 1130 iu
951 1085 1003 1130 ior-

226 1147 300 1208 dane,
315 1148 357 1210 qui
372 1148 484 1199 videlieet
502 1150 584 1212 pietus
596 1154 649 1200 erat
661 1150 686 1199 in
707 1150 798 1200 tabula
813 1151 885 1200 cont.
901 1163 938 1214 ep.
962 1158 1000 1201 at.

224 1217 353 1336 Ξζοιύῖισιιι
373 1219 438 1268 Elias
457 1220 577 1282 percussit
596 1226 624 1282 τῇ
647 1223 758 1284 periure,
782 1223 839 1283 lieg.
862 1223 904 1280 lv,
931 1234 953 1270 e.
977 1228 1000 1281 t,

242 1307 275 1336 .¹¹
311 1325 316 1336 .

254 1429 355 1478 biiiiiii.
368 1454 398 1463 —
408 1431 428 1476 1.
444 1445 456 1468 α
470 1428 549 1486 Τίνος,
565 1426 656 1476 Christi
668 1440 768 1490 nempe,
782 1427 826 1491 apri
838 1427 928 1490 passim
939 1427 1001 1477 diei-

160 1568 171 1580 *
224 1496 338 1546 turtilius
346 1493 424 1546 David
437 1495 574 1545 meandum
585 1510 689 1546 carnem.
701 1518 713 1541 ν
724 1499 754 1546 Β.

255 1635 401 1682 11111111.-
425 1637 567 1686 1.1σααοσε
586 1636 611 1685 in
630 1636 767 1686 narratione
788 1636 820 1688 da
844 1651 909 1688 ceco
927 1650 1001 1700 quem

225 1705 336 1754 Christus
356 1705 523 1766 sanavii,‘1X,
538 1710 551 1755 7
567 1727 573 1754 :
589 1708 655 1770 νίψαι
671 1709 703 1763 εἰς
721 1711 763 1766 τὴν
779 1710 940 1771 πολυμὸήθραν
960 1715 1001 1758 τοῦ

226 1778 328 1838 Σιλωὰμ,
339 1777 352 1825 ὃ
362 1777 508 1838 ἑρμηνεύεται
516 1777 697 1838 ἀπεσταλμένος.
708 1779 778 1828 coni.
790 1793 828 1842 ep.
840 1783 882 1828 117

255 1921 343 1968 biiii.
354 1917 417 1968 ilde
429 1921 515 1971 Joaun.
530 1922 572 1980 lv,
587 1924 636 1972 oet
648 1935 715 1985 seqq.

255 2060 352 2108 cxxvi.
372 2061 401 2108 ln
414 2059 513 2122 nuptias
532 2061 619 2122 cmm,
635 2064 721 2112 Joann.
739 2065 769 2112 11.
791 2071 848 2113 -1
869 2067 891 2113 α’
907 2063 1002 2115 addidit

226 2129 347 2178 liederus
356 2133 449 2178 Curruu.
460 2139 480 2190 i,
493 2137 590 2193 ν.819;
603 2137 695 2194 πνεῦμα
703 2133 764 2196 ἔχεις
784 2135 836 2182 Jac.

255 2271 366 2320 LXXVII.
381 2269 512 2335 Videiieg.
526 2274 571 2332 iii,
586 2287 607 2322 σ.
626 2275 662 2322 17.
678 2299 709 2308 -
723 2276 744 2321 1.
761 2291 773 2315 ιι
789 2271 872 2324 Codes
887 2276 1000 2340 λαιψηρὴ,

225 2339 291 2404 quod
303 2353 378 2390 sensu
402 2345 476 2392 caret.
492 2341 631 2405 legendum
650 2354 705 2391 ease
724 2343 817 2404 iinrrpl
836 2341 1001 2394 demonstrari

225 2409 257 2461 ad
271 2410 380 2474 Theoph.
396 2413 484 2462 Simos.
500 2425 523 2475 p.
538 2419 592 2464 288.
610 2415 654 2462 Est
666 2414 759 2476 ὶλαιηρή
775 2413 858 2468 κάλπις
871 2413 999 2477 1111183]Ι

227 2485 254 2532 tl
276 2481 341 2532 dcta
363 2486 377 2532 d
400 2479 507 2544 ιιιιψύιιης
527 2489 569 2532 τοῦ
600 2483 694 2545 uates,
715 2482 741 2532 in
760 2483 865 2545 Vulgata
885 2483 1001 2546 lecythus

225 2551 281 2600 ⁰105.
298 2571 311 2594 υ
325 2553 356 2600 B.

255 2691 378 2740 cxruu.
388 2697 452 2740 -ο,
467 2693 527 2740 θνα
537 2691 563 2740 ια
579 2696 673 2756 φωνῆς,
685 2703 709 2740 ι.
725 2689 812 2740 ulcu.
827 2679 888 2750 rlvr,
906 2695 940 2742 u.

255 2831 352 2880 LXXIX.
368 2830 430 2880 i'ide
444 2832 496 2880 aet.
512 2832 596 2894 Apost.
608 2833 691 2891 ix,a;
706 2833 791 2891 xxvi,
809 2835 845 2881 18.

256 2973 341 3020 LXXX.
357 2971 428 3020 coni.
442 2970 474 3020 ad
488 2983 526 3033 ep.
544 2975 581 3022 38.

256 3113 366 3160 bxiiilli.
381 3137 413 3148 —
428 3116 448 3160 l.
464 3117 546 3174 Δῶμοι.
563 3131 574 3153 ι
596 3111 682 3160 Fuisse
702 3111 800 3162 ridetur
814 3113 896 3172 δόγμα.
918 3133 930 3155 ν
943 3114 1001 3164 inc.

225 3182 288 3232 liihil
302 3186 396 3232 muman
413 3183 489 3232 facile.
505 3181 631 3232 AEthereas
643 3195 713 3230 arces
725 3185 750 3232 et
765 3183 843 3245 ipsius
857 3185 900 3234 Dei
914 3185 1003 3248 palatia

225 3253 348 3317 ingressus
363 3252 492 3302 ridebatur
504 3253 609 3301 Joamres
622 3252 662 3301 ille
675 3251 818 3316 Theologua.
835 3255 1001 3318 Epigramma,

226 3321 322 3370 uuimi
338 3323 433 3382 forsan,
447 3325 504 3371 ante
517 3321 594 3385 ipsius
607 3320 700 3370 acholio
714 3322 738 3370 iu
752 3322 894 3384 Dionysium
903 3329 1001 3388 Areopa

288 3464 419 3524 Ἀγγιλιαῆς
431 3463 512 3522 σσρίης
526 3461 680 3526 ἀμαρύγματα
691 3463 767 3510 πολλὰ
778 3463 885 3525 κιχήσας.
899 3483 911 3506 ν
922 3464 952 3512 B.

257 3603 378 3652 cxxxiii.
390 3631 420 3642 -
439 3609 462 3651 2.
478 3621 489 3643 ιι
506 3600 611 3650 sedehat
630 3603 695 3650 enim
711 3601 843 3653 Matthaeus
856 3603 880 3652 in
899 3605 1001 3667 telonio,

225 3686 303 3735 quum
316 3686 375 3722 eum
389 3671 422 3721 ad
438 3685 464 3721 se
477 3671 589 3720 Christus
602 3671 711 3732 vocavit,
720 3672 806 3722 hietth.
818 3675 858 3734 iii,
871 3681 894 3724 9.
911 3695 923 3718 ν
938 3678 968 3724 B.

257 3817 376 3866 LXXXIV.
400 3839 431 3850 -
453 3819 474 3863 1.
496 3813 613 3864 Ἀθάνατοι
636 3811 707 3871 cod..
734 3816 837 3864 correxit
857 3817 906 3865 iac.
929 3825 1000 3868 -1,

228 3903 240 3925 σ
253 3886 333 3942 Quam
346 3881 468 3932 manum
481 3881 541 3930 iliud
553 3883 595 3942 γε1
609 3881 700 3930 sutem
713 3881 734 3930 si
742 3881 862 3943 dedisset,
876 3883 1003 3934 ἐνέπασσεν

227 3957 354 4010 ύΑουιιᾶς.
371 3953 422 4002 ali.

256 4096 364 4144 LXXXV.
380 4119 411 4128 -
431 4097 450 4142 l.
468 4111 479 4134 ι
495 4093 613 4155 AEgyptus
630 4085 846 4156 habebatur'regio
857 4093 973 4156 caliginis.
990 4115 1001 4137 ι.

225 4168 293 4220 lae..
307 4177 383 4226 quem
400 4177 426 4212 v.
446 4177 472 4226 p.
490 4167 526 4213 18.
543 4167 565 4211 S.
587 4161 739 4224 Augustinus
752 4163 835 4211 Fanum.
852 4164 940 4213 Psaim.
963 4169 1002 4226 77,

225 4241 245 4287 t.
255 4239 297 4296 iv,
307 4250 332 4298 p.
348 4239 410 4284 832:
426 4252 438 4274 ιι
449 4235 567 4296 AEgpptus
580 4231 710 4281 iuhehreea
722 4231 805 4295 lingua
822 4234 951 4284 Tenebras
965 4238 1004 4286 vel

226 4306 404 4357 tribulationes
417 4304 543 4367 signiticat.
560 4323 572 4346 ν
586 4303 695 4352 iioisson.
713 4324 719 4352 ι
735 4323 746 4345 ι
761 4301 869 4353 Andreas
883 4307 1004 4356 Cretensis

226 4391 265 4440 ap.
279 4374 378 4426 Jacobs.
397 4394 403 4422 :
421 4375 480 4430 αύιη
492 4373 568 4422 τοίνυν
584 4376 615 4433 (ἡ
631 4374 930 4436 Αἷγυπτσς16σαοτσσμὸς
948 4379 1003 4439 πρὸς

226 4453 255 4506 τῇ
265 4448 350 4506 mecei]
363 4443 502 4501 καλουμένη.
516 4441 675 4491 scribendum
687 4441 785 4492 udatur
793 4443 849 4506 πρὸς
859 4449 898 4502 τῆς
908 4451 1003 4508 γραφῆς.

226 4518 259 4564 At
270 4527 320 4562 non
339 4511 462 4562 succurrit
474 4512 606 4575 Scriptura
625 4512 708 4570 iocus,
729 4511 754 4560 ni
766 4511 797 4561 de
810 4511 845 4560 eis
864 4513 1005 4576 mutaverit

226 4584 287 4634 iocis
302 4581 345 4632 ubi
365 4580 434 4630 Nilus
451 4579 542 4631 dieitur
555 4583 599 4630 aut
611 4579 659 4630 dici
672 4583 775 4644 putatur
793 4579 923 4633 Schichor.
944 4585 1004 4634 Plu·

226 4652 339 4704 anchus.
353 4655 390 4702 De
412 4649 471 4702 ssav.
486 4667 507 4702 c.
524 4656 560 4713 lo,
573 4657 583 4701 1
596 4672 603 4702 ι
617 4654 725 4708 Νεῖλος...
737 4652 840 4702 ἐκαλεῖτο
851 4654 878 4702 rd
895 4655 1004 4718 πρότερον

228 4726 320 4782 Μέλας,
331 4721 375 4772 ubi
383 4737 407 4772 v.
416 4725 550 4784 hiaussac.,
559 4725 585 4772 et
593 4721 648 4772 init.
658 4719 802 4784 adhayah.
811 4735 835 4771 v.
844 4725 1004 4784 Αῑγυπτῶσαι.

227 4794 447 4858 -t.iirangelium
456 4792 606 4844 Alexandriae
612 4795 711 4842 hiarcus
716 4791 866 4854 predicavit.
877 4793 940 4843 Vide
951 4808 1006 4844 mea

227 4863 319 4916 anecd
335 4867 353 4914 t.
365 4873 395 4924 s,
409 4866 579 4927 1144141490.
596 4883 609 4906 »
620 4862 725 4925 (susan
736 4864 767 4910 ii.
781 4863 808 4910 Ε.
823 4865 855 4922 u,
868 4867 909 4922 le,
923 4864 1006 4927 ibique

226 4938 308 4987 vales.
323 4935 401 4995 Ισσ.)

260 5078 381 5126 LXXXVI.
398 5101 428 5112 -
444 5081 464 5124 1.
481 5095 492 5118 o
509 5039 579 5124 (doni.
594 5074 627 5124 811
643 5075 718 5138 epigr.
734 5081 773 5124 55.
788 5101 818 5110 -
832 5081 854 5124 2.
875 5075 1006 5137 Γρηησρίῳ,

228 5159 279 5196 non
292 5148 415 5208 ltpsseno,
429 5145 474 5196 aed
487 5145 645 5195 Nazianzeno.
660 5145 790 5210 Gregon'us
811 5143 892 5194 Presh.
911 5145 935 5194 in
951 5145 1008 5194 Vita

231 5218 290 5268 itae.
308 5237 314 5266 ι
329 5217 351 5266 ri
367 5216 425 5266 δ’θν
441 5217 531 5279 λέγοιμι
541 5214 705 5277 σοιςρσσύνην,
717 5215 732 5272 ἢ
745 5215 811 5276 μέχρι
826 5213 911 5269 πανοὺς
924 5215 1005 5269 αύτούς

1047 603 1089 650 τσῦ
1099 597 1152 658 βίου
1166 600 1249 660 ἁγνοὺς
1268 601 1307 648 καὶ
1319 601 1431 664 καθαροὺς
1448 603 1615 667 συνετήρησενς
1629 605 1742 656 uidelicet
1755 609 1823 659 uasi-

1047 667 1108 718 lium
1121 672 1145 717 et
1160 671 1342 720 Nazianzenum.
1358 673 1386 720 in
1399 671 1459 721 Cod.
1471 675 1508 722 cst
1523 673 1684 739 dittographia
1696 677 1821 740 Γρηγσρίῳ,

1050 740 1181 802 Γρηγόριος.
1195 741 1278 790 Potest
1291 741 1385 804 ambigi.
1401 743 1494 805 Reliqui
1507 743 1617 793 dativum
1630 746 1672 808 qui
1685 747 1751 810 prior
1764 749 1824 798 acri·

1046 811 1105 871 ptus
1118 809 1172 858 tuit.
1184 813 1252 872 Saepe
1260 813 1382 873 repertum
1393 813 1436 861 λσα
1449 825 1507 862 cum
1521 813 1610 864 dativo.
1621 835 1632 858 ν
1643 819 1674 866 u.

1077 949 1209 996 lxxxiii.
1221 967 1231 990 ν
1246 949 1303 1000 Fuit
1315 951 1462 1016 Polycarpus
1474 955 1582 1016 Smyrnae
1592 954 1732 1018 episcopus,
1747 955 1821 1020 impe

1046 1017 1260 1148 fflssprgrffio
1275 1021 1417 1083 martyrium
1424 1036 1521 1085 passus.
1537 1045 1549 1066 ν
1564 1025 1681 1083 11.ουἰὸ
1696 1026 1728 1088 (i.
1739 1039 1761 1076 e.
1778 1028 1822 1089 ὃς)

1077 1225 1220 1274 LXXXVIII.
1246 1227 1398 1288 Dionpsium
1416 1230 1592 1294 areopagitam.
1613 1239 1668 1282 -l
1693 1253 1705 1277 ι
1721 1237 1824 1300 Ιιράρχια

1046 1294 1126 1344 Codex
1150 1299 1175 1346 et
1192 1308 1274 1359 apogr.
1289 1296 1375 1356 Paris,
1391 1299 1457 1360 qrrocl
1475 1313 1553 1362 quum
1575 1315 1624 1350 non
1642 1301 1704 1352 hene
1716 1319 1824 1368 peneum

1045 1364 1089 1426 eit,
1103 1365 1134 1414 de
1148 1365 1286 1429 recipiendo
1299 1370 1420 1430 θεραρχιαὰ
1429 1371 1496 1420 nrrila
1512 1371 1559 1420 luit
1573 1375 1696 1424 cunctatio
1711 1396 1716 1423 :
1734 1376 1770 1426 sic
1783 1392 1824 1428 eo-

1045 1435 1093 1486 rios
1114 1437 1222 1499 Dionysii
1248 1438 1401 1488 florentinus
1422 1452 1462 1502 ap.
1485 1441 1586 1490 Burdiu.
1610 1445 1629 1502 i,
1645 1457 1669 1507 p.
1686 1449 1725 1495 ³1.
1743 1449 1774 1496 st
1788 1448 1825 1498 sic

1045 1505 1169 1556 uuerdan
1180 1506 1211 1556 de
1221 1509 1248 1558 la
1258 1507 1336 1559 itoeh.
1353 1509 1453 1558 illiscell.
1469 1513 1521 1569 t.1,
1536 1525 1560 1574 p.
1576 1519 1633 1574 188,
1648 1517 1821 1576 quemrideas.

1045 1575 1126 1624 urimo
1138 1588 1211 1624 versu
1222 1576 1350 1640 respicitur
1365 1577 1475 1639 Dionysii
1487 1578 1548 1628 liber
1561 1584 1613 1642 περὶ
1623 1587 1663 1638 τῆς
1672 1585 1777 1647 οὐρανίας
1790 1587 1823 1635 te-

1045 1647 1155 1709 ραρχίσς,
1169 1647 1276 1700 εσσιιινύο
1289 1647 1350 1696 iiber
1363 1651 1414 1710 περὶ
1424 1655 1537 1711 μυστικῆς
1548 1651 1675 1710 θεολογίας.
1689 1673 1700 1696 ν
1716 1657 1747 1703 B.
1762 1681 1792 1691 —
1806 1660 1821 1704 8

1046 1716 1140 1766 ἀνάπτει
1150 1715 1204 1765 oud.
1219 1717 1283 1766 Fial.

1076 1859 1193 1907 LXXXIX.
1209 1887 1237 1898 -
1248 1863 1268 1908 1.
1285 1877 1297 1900 ν
1313 1858 1499 1922 intelligendum
1518 1860 1566 1924 Ιχει
1584 1863 1668 1925 σχεδόν
1678 1861 1708 1912 de
1721 1863 1823 1927 imagin⁵

1046 1928 1135 1978 hinniat
1147 1941 1203 1990 qum
1222 1927 1319 1991 imagini
1332 1929 1457 1992 Polycarpi
1471 1929 1551 1980 vicina
1564 1935 1630 1988 erat3
1644 1933 1684 1982 vel
1704 1932 1735 1982 de
1752 1934 1823 1996 pictis

1045 1997 1070 2049 iu
1084 1997 1168 2046 eadem
1181 1997 1264 2047 tabula
1277 1997 1395 2047 ambobus
1411 2000 1512 2056 sanctim
1527 1999 1566 2048 vel
1579 1999 1610 2052 de
1623 1999 1714 2052 aedium
1729 2003 1823 2054 utrius-

1045 2081 1093 2130 que
1117 2068 1249 2118 vicinitate.
1269 2093 1300 2106 -
1315 2075 1337 2118 t.
1355 2068 1503 2132 Polycarpua
1525 2069 1573 2118 luit
1593 2072 1719 2133 οῐαιίρμων
1741 2071 1824 2124 dictus

1047 2137 1136 2200 (epigr.
1164 2139 1226 2197 87),
1243 2139 1268 2186 et
1287 2137 1401 2186 Nicotaus
1422 2137 1541 2200 Myrensis
1562 2140 1634 2198 (nam
1653 2137 1685 2189 de
1709 2139 1757 2189 hoc
1784 2141 1824 2205 agi

1045 2209 1143 2258 cumino
1155 2207 1251 2258 videtur
1261 2210 1268 2268 )
1278 2206 1365 2258 viduis
1381 2209 1406 2256 ot
1420 2205 1547 2269 orphanis
1559 2211 1690 2271 pecunia,
1707 2212 1823 2273 consilio,

1045 2291 1126 2342 opera
1146 2291 1199 2327 nou
1212 2277 1312 2340 defuit,
1330 2289 1464 2340 oppressos
1478 2277 1642 2338 subleuauit,
1658 2279 1725 2342 quod
1740 2293 1824 2330 ναπα-

1045 2351 1086 2400 tur
1104 2348 1129 2397 in
1146 2351 1216 2398 aeria
1228 2348 1281 2411 ejus
1296 2346 1370 2396 oiiicii
1384 2347 1493 2396 lectione.
1510 2347 1546 2396 Ab
1562 2347 1696 2410 iticophoro
1710 2348 1823 2400 chumno

1045 2420 1124 2482 θερμὸς
1135 2424 1182 2468 τῶν
1200 2419 1352 2480 ὶπιδεομὲνισν
1365 2418 1495 2480 προστάτης
1503 2421 1614 2476 vocatur,
1628 2417 1653 2466 in
1663 2419 1752 2469 Anecd.
1762 2421 1823 2470 meis

1045 2491 1064 2538 t.
1080 2491 1110 2550 V,
1123 2502 1147 2552 p.
1162 2493 1217 2548 848,
1232 2487 1274 2536 uhi
1287 2501 1311 2537 e.
1326 2490 1377 2536 not.
1394 2489 1449 2537 νΒ.

1077 2633 1125 2681 ilc.
1137 2649 1149 2672 ι
1170 2629 1297 2692 Sophronii
1316 2628 1424 2692 episcopi
1444 2632 1649 2678 commemoratur
1664 2630 1823 2692 panegyricus

1046 2701 1145 2750 ioannis
1158 2703 1183 2750 et
1201 2699 1258 2762 Cyri
1270 2702 1417 2761 martyrum,
1432 2697 1457 2746 in
1476 2697 1546 2746 Febr.
1563 2695 1623 2746 uiui
1644 2699 1664 2746 1.
1678 2699 1710 2756 X,
1724 2711 1748 2760 p.
1763 2701 1821 2758 118,

1046 2783 1120 2832 quem
1133 2769 1189 2819 ride
1202 2768 1234 2819 de
1247 2767 1382 2832 sophronio
1394 2771 1412 2818 t.
1428 2769 1468 2828 iil,
1483 2780 1508 2829 p.
1533 2771 1585 2817 lot.
1598 2765 1767 2816 'tetrastichon
1780 2781 1824 2818 uo-

1047 2843 1126 2889 strum
1148 2839 1183 2890 illi
1201 2839 1344 2904 panegyrico
1360 2839 1487 2902 praeiuum
1507 2837 1584 2886 tuisse
1605 2835 1708 2885 udatur.
1729 2857 1740 2879 ν
1764 2839 1821 2887 iae.

1047 2911 1121 2968 adbit
1132 2912 1209 2960 licias.
1231 2930 1237 2959 :
1254 2931 1265 2954 ι
1281 2913 1316 2960 lie
1329 2912 1393 2972 (tyro
1405 2912 1431 2960 et
1452 2912 1544 2960 ioanue
1565 2911 1660 2960 multus
1673 2913 1711 2960 est
1725 2912 1825 2962 Morcel-

1046 2984 1093 3034 lius
1106 2983 1138 3034 ad
1153 2982 1253 3034 Kalend.
1268 2985 1286 3032 t.
1304 2987 1340 3044 li,
1355 2996 1379 3045 p.
1395 2987 1425 3032 48
1443 2985 1468 3031 σθ
1496 2987 1552 3042 liti,
1569 2984 1676 3046 Ducaug.
1698 2983 1821 3033 cuxchr.

1047 3057 1088 3112 lv,
1103 3067 1126 3117 p.
1145 3053 1222 3116 lit‚§
1236 3057 1274 3102 31.
1290 3059 1344 3102 -i
1359 3054 1438 3113 ναῦτῷ
1447 3051 1536 3101 Codex.
1552 3055 1635 3108 Quum
1648 3051 1731 3102 trullus
1739 3051 1779 3102 hie
1792 3055 1824 3104 sit

1046 3123 1089 3174 tali
1102 3121 1209 3184 emphasi
1222 3121 1304 3181 locus,
1319 3120 1406 3182 scripsi
1423 3123 1461 3168 καὶ
1470 3125 1520 3181 τῷ,
1531 3119 1562 3169 ad
1577 3121 1685 3170 Psellum
1698 3135 1722 3184 p.
1741 3125 1792 3173 181.
1808 3143 1821 3166 ν

1078 3263 1137 3311 ilci.
1154 3279 1165 3302 ι
1180 3260 1363 3323 inscriptionem
1373 3259 1449 3309 tuisse
1460 3260 1545 3322 opinor
1558 3260 1649 3310 tabule
1665 3259 1822 3320 adulatoria,

1045 3345 1097 3396 qrra
1110 3330 1271 3381 exhibebatur
1283 3329 1420 3394 theologus
1432 3331 1561 3380 ioannest
1580 3332 1691 3393 παρθένος
1703 3329 1824 3392 impuram

1047 3402 1199 3452 Theodoram
1214 3404 1239 3451 et
1252 3401 1418 3450 iustinianum
1427 3413 1553 3450 coronans.
1568 3401 1640 3450 conl.
1655 3413 1693 3464 ep.
1709 3406 1747 3450 8ο.
1766 3421 1778 3444 ι
1788 3400 1819 3448 Β.

1078 3544 1149 3592 xcn.
1164 3540 1283 3590 Lenimaii
1291 3539 1401 3590 additum
1414 3540 1439 3588 in
1452 3539 1511 3590 cod.
1525 3561 1531 3588 r
1542 3541 1613 3601 ἤγουν
1627 3541 1659 3595 εἰς
1669 3539 1710 3597 τὴν
1723 3537 1823 3601 μεγάλην

1049 3611 1182 3668 ἐκκλησίαν.
1200 3611 1239 3664 Ele
1260 3609 1298 3658 his
1316 3609 1460 3671 capiendum
1478 3623 1522 3671 pro
1535 3609 1572 3668 ἐν,
1590 3608 1649 3657 item
1668 3608 1693 3656 iu
1713 3608 1824 3668 sequenti

1047 3681 1175 3738 lemmate,
1187 3681 1211 3728 et
1224 3677 1281 3728 alibi
1295 3680 1320 3727 in
1336 3678 1376 3728 his
1388 3691 1436 3727 uon
1457 3691 1521 3726 raro.
1532 3677 1684 3740 Epigramma
1697 3677 1786 3740 iegitur
1798 3675 1824 3724 in

1050 3753 1122 3813 tireg.
1137 3751 1194 3798 unz.
1209 3751 1270 3812 opp.
1282 3751 1300 3798 t.
1315 3752 1347 3808 ii,
1359 3761 1384 3810 p.
1400 3751 1450 3798 litt.
1465 3745 1631 3796 Uudenoruen
1644 3745 1822 3796 addiditlioiss.

1047 3846 1078 3856 —
1093 3824 1113 3870 t.
1127 3819 1163 3866 De
1172 3815 1269 3866 Christo
1282 3815 1307 3866 in
1321 3815 1435 3864 uaricula
1449 3815 1585 3864 dormiente
1594 3813 1680 3864 natu.
1696 3818 1761 3876 Vlii,
1775 3819 1819 3872 243

1047 3893 1123 3939 hiare.
1145 3891 1187 3948 iV,
1201 3892 1245 3943 ³⁸3
1269 3889 1329 3935 Luc.
1352 3889 1417 3945 vui,
1441 3890 1478 3934 13.
1493 3885 1566 3936 Vocis
1581 3887 1651 3942 θλιιάς
1668 3885 1716 3936 1συί
1738 3885 1824 3948 spiritu

1048 3958 1146 4021 scriptae
1158 3957 1268 4018 exempla
1281 3955 1409 4006 deditiec.
1424 3959 1479 4004 -i
1496 3954 1628 4004 δ’λκίλιυιν
1637 3968 1717 4018 apogr.
1732 3958 1787 4004 Par.
1798 3959 1824 4006 et

1047 4027 1086 4078 ed.
1102 4029 1208 4090 Greg.,u
1223 4027 1242 4074 θ’
1257 4027 1334 4088 tetii.
1345 4028 1415 4088 Greg.

1078 4169 1160 4216 xcru.
1180 4185 1191 4207 «ι
1206 4165 1328 4228 Scriptum
1343 4163 1424 4214 forsan
1436 4164 1461 4214 iu
1474 4165 1601 4228 imaginem
1611 4169 1634 4214 S.
1646 4165 1727 4216 Basilii
1743 4165 1771 4225 in,
1782 4178 1824 4216 ec-

1048 4237 1121 4287 clesia
1134 4236 1174 4286 illa
1193 4234 1345 4298 pendentem.
1369 4265 1400 4275 -
1416 4237 1435 4283 1.
1460 4235 1568 4297 intellige
1585 4238 1702 4296 quattuor
1720 4235 1824 4286 virtutes

1049 4306 1189 4397 cardumae.
1201 4305 1262 4368 vide
1276 4305 1307 4354 ad
1323 4304 1425 4354 Planud.
1443 4305 1517 4368 epigr.
1529 4310 1582 4354 201.
1595 4326 1607 4348 ν
1619 4307 1648 4354 li.

1080 4445 1160 4495 xciv.
1173 4473 1204 4486 -
1215 4449 1225 4493 1
1236 4463 1247 4485 ι
1260 4447 1346 4506 Apogr.
1361 4447 1415 4493 Par.
1423 4443 1521 4506 νεύμασι
1530 4443 1674 4498 θεσπεσίοις.
1684 4442 1823 4506 quodpra-

1049 4515 1100 4564 iero
1117 4513 1198 4574 alteri,
1213 4513 1331 4562 titubante
1350 4513 1407 4562 licet
1432 4525 1514 4561 versu.
1541 4513 1603 4561 Nam
1626 4511 1669 4574 qui
1687 4515 1824 4576 sequuntur

1048 4583 1157 4648 plerique
1171 4596 1219 4632 non
1232 4581 1348 4642 hrccdupt
1366 4581 1464 4631 rectius.
1484 4584 1546 4631 Sunt
1563 4579 1662 4644 pessimi
1677 4581 1822 4642 hexametri,

1049 4655 1132 4716 quales
1148 4653 1259 4702 iecerunt
1272 4651 1414 4701 Theodorus
1427 4651 1558 4701 hittocbita
1571 4655 1596 4701 et
1608 4651 1754 4700 recentiores
1763 4665 1823 4700 non-

1049 4724 1121 4783 nulii,
1129 4721 1172 4785 qui
1187 4733 1265 4783 quum
1278 4734 1293 4770 a
1304 4721 1402 4783 politico
1416 4723 1495 4770 metro
1507 4719 1653 4771 recedebant
1662 4721 1762 4782 antiqua
1775 4733 1824 4768 me·

1048 4795 1088 4843 tra
1100 4791 1242 4851 tractaturi,
1252 4791 1343 4852 passim
1353 4790 1385 4840 ad
1400 4791 1548 4852 quantitates
1564 4789 1712 4852 syllabarum
1720 4787 1824 4852 turpiter

1049 4861 1213 4912 otieudebant.
1236 4860 1386 4925 capiendum
1408 4861 1506 4929 νεύμασι
1525 4861 1670 4920 θεσπεσίοις,
1682 4859 1720 4910 sel
1736 4861 1821 4908 θεσπε·

1049 4937 1125 4995 σίαιο,
1139 4933 1170 4982 de
1179 4933 1250 4996 jussu
1259 4932 1365 4992 Christi,
1380 4933 1420 4981 cui
1432 4935 1544 4996 parentes
1556 4935 1582 4982 li.
1593 4931 1675 4982 Mane
1690 4943 1748 4980 mox
1760 4929 1823 4978 dor·

1050 5007 1153 5054 mttere
1167 5016 1198 5052 ex
1211 5002 1305 5051 cunctis
1323 5005 1444 5051 terrarum
1462 5001 1572 5065 partibus
1594 5002 1692 5064 repente
1711 4998 1823 5062 discipuli

1050 5073 1203 5124 adstiterunt.
1218 5072 1280 5122 Vide
1299 5074 1451 5122 enarrantem
1470 5070 1496 5120 id
1515 5069 1660 5120 miraculum
1676 5071 1824 5118 &manum

1050 5157 1074 5208 p.
1089 5151 1120 5195 98
1135 5147 1160 5194 et
1174 5149 1232 5204 tul,
1247 5143 1301 5192 coll.
1324 5141 1453 5208 anecdotis
1466 5141 1526 5190 meis
1547 5143 1565 5190 t.
1583 5144 1621 5200 ll,
1641 5153 1665 5204 p.
1685 5141 1736 5190 181.
1751 5165 1780 5174 -
1798 5143 1821 5188 3.

1053 5215 1104 5262 Non
1123 5213 1229 5276 intellige
1241 5213 1381 5264 ἀλλήλοισιν.
1405 5217 1486 5276 ipogr.
1502 5211 1642 5268 diinioiew.
1663 5211 1699 5258 Xu
1719 5209 1823 5272 ἀγγέλοις
