3960 5936
272 462 332 522 eet

834 461 1087 524 ANTHOLOGIAE
1108 462 1310 544 RALATINAE

268 593 324 648 τοὺς
338 592 447 654 πώλους,
460 593 498 642 καὶ
515 591 580 642 ἐνίκα
595 591 624 642 δι’
641 592 729 643 αὐτῶν.
748 613 760 636 a
775 595 834 644 Ιαο.
847 621 878 630 -
893 595 958 645 buia
968 593 1059 651 eodm.
1074 594 1077 674 Ι
1097 596 1163 658 qued
1169 611 1214 660 pro
1223 611 1275 647 aar.
1285 598 1340 648 ieet.
1352 599 1390 648 est
1402 598 1427 648 iu
1435 612 1485 648 uuo
1493 597 1548 649 cod.
1560 599 1650 650 Suidie.
1659 601 1801 652 Emendatio
1810 623 1821 647 x
1830 617 1867 654 ne·

302 731 435 781 ccxiiii.
451 733 541 782 Vetula
560 732 675 782 Minervae
690 732 750 782 artis
768 732 877 782 textoriae
893 733 1054 783 instrumenta

271 803 405 848 consecrat.
420 801 510 850 Similia
531 802 706 864 epigrammata
726 803 820 865 aliquot
836 816 910 866 supra
925 804 1049 866 leguntur.

269 869 491 930 -1ὀρ1ριλοίλοιοι
507 871 579 932 cod,
600 873 705 921 alterum
726 873 792 920 Plan.
809 874 834 921 et
847 872 915 922 Suid.
931 873 1050 936 Goniep.

272 942 325 998 174,
342 946 367 998 5,
382 967 414 976 -
434 941 578 1003 λλειομίτου
600 943 707 1005 κάμακος
728 942 787 992 eod.
810 945 836 991 et
854 943 932 1002 said..
947 945 1052 992 alierum

270 1009 336 1056 Plan.
352 1013 425 1062 recte.
442 1031 453 1052 «ι
474 1011 600 1072 κάμακες,
617 1011 684 1074 quod
700 1012 804 1060 verbum
819 1025 862 1074 per
878 1013 1052 1075 appositionem

269 1091 326 1126 cum
349 1081 453 1140 κερκίδος
476 1079 644 1143 jungendum,
667 1081 769 1144 pectinis
796 1082 900 1144 perticas
919 1083 1051 1145 signiticat,

1074 679 1077 725 p
1096 667 1224 715 cessans»
1243 668 1296 717 risa
1308 668 1432 728 Heriem,
1449 669 1492 731 qui
1509 682 1625 732 respuere
1642 669 1760 733 debebat,
1776 676 1869 737 nequis

1096 737 1165 786 didos
1178 741 1218 788 τὸν
1232 741 1274 789 σὸν
1287 741 1449 803 conjungeret.
1463 765 1493 778 -
1504 747 1518 790 2
1528 741 1606 789 ὄλὸιον
1618 741 1710 804 aliquot
1718 743 1770 794 litui
1784 745 1868 796 Saldae.

1096 808 1143 858 Τὸν
1159 810 1202 858 σὸν
1218 823 1273 860 esse
1294 813 1377 868 tuane,
1400 809 1447 858 tibi
1464 809 1593 870 deditum,
1605 825 1650 874 pro
1663 814 1719 875 ἐμὲ,
1740 813 1870 866 observavit

1097 879 1198 928 ileclrer.
1214 879 1338 929 Edebatur
1348 882 1420 929 ὀοοον
1432 879 1479 929 ἀπὸ
1491 897 1539 942 xp,
1554 893 1568 930 e
1583 882 1671 932 Reislii
1684 883 1829 945 conjectura.
1843 913 1870 923 —

1096 949 1133 997 ³*
1143 949 1268 1009 priapeio*
1284 949 1444 1013 βοθυῤῥαίνοιο
1459 950 1557 1010 Codex,
1569 955 1594 1001 et
1604 952 1658 1002 iibri
1671 953 1752 1003 snida
1765 969 1790 1004 v.
1802 959 1869 1004 ilua·

1097 1019 1143 1081 ρον.
1157 1037 1169 1060 ν
1190 1017 1313 1080 adquam
1329 1020 1366 1069 sir
1379 1020 1404 1068 d.
1422 1020 1525 1081 conjecit
1545 1021 1707 1086 βοθυῤῥίνοιο,
1730 1039 1780 1074 non
1795 1024 1870 1076 addita

1074 1113 1076 1164 7
1096 1087 1301 1150 interpretatione.
1315 1109 1326 1132 ν
1342 1093 1372 1138 B.
1385 1091 1510 1140 Hectoras
1525 1111 1531 1140 :
1547 1111 1559 1133 «
1574 1094 1678 1155 Tapetes
1690 1097 1780 1157 μντοιμολ
1793 1099 1818 1145 et
1832 1099 1870 1158 βο-

190 1205 193 1212 ,
270 1146 359 1207 quibus
381 1149 422 1198 fila
452 1164 495 1199 seu
528 1151 632 1200 staminia
653 1152 804 1215 laevigantur.
831 1155 890 1202 ilem
921 1153 1052 1215 explicarit
1073 1165 1076 1216 l
1096 1159 1202 1222 θὺρῤηνοι
1216 1159 1368 1222 explicantur
1382 1160 1470 1210 villosi
1483 1161 1594 1226 [proprie
1608 1168 1728 1225 τοτυτοοοί,
1743 1167 1810 1216 molli
1823 1167 1870 1216 lana

268 1215 408 1266 schneider.
420 1219 444 1267 in
459 1219 512 1268 lod.
523 1221 621 1284 scripit.
641 1223 676 1271 rei
690 1226 751 1271 rust.
772 1236 795 1271 r.
813 1225 834 1270 Τ
834 1223 885 1282 elo,
901 1237 923 1286 p.
940 1227 994 1282 370,
1009 1222 1051 1271 ubi
1074 1219 1076 1282 l
1097 1229 1173 1278 veluti
1189 1243 1275 1278 museo
1295 1231 1396 1280 obducti
1407 1231 1415 1294 ]
1426 1237 1451 1281 et
1463 1231 1536 1294 pelle
1549 1233 1630 1282 emera
1641 1235 1769 1295 instructi,
1786 1237 1870 1301 sedile

266 1284 339 1335 docet
353 1289 448 1351 κερκίδα
463 1302 517 1338 asse
526 1291 647 1352 pectinem
661 1305 711 1353 quo
729 1293 832 1341 contusa
846 1292 951 1341 stamina
964 1293 1050 1342 discri-

268 1355 400 1418 minantur,
411 1359 510 1420 telaque
523 1360 668 1422 percutitur.
685 1361 747 1410 ilinc
760 1365 798 1412 tot
811 1362 933 1425 epitlrota,
952 1377 1007 1425 quea
1020 1363 1052 1412 ad

266 1426 375 1476 sonitum
390 1430 499 1491 applausi
510 1431 613 1492 pectinis
624 1435 743 1494 spectant.
759 1459 791 1469 -
808 1437 831 1482 3.
851 1436 917 1487 licei:
933 1433 1052 1492 νοομοκό-

269 1512 325 1555 aas,
338 1501 423 1559 pecten
433 1499 571 1558 lanificam,
581 1514 631 1562 quo
646 1515 723 1550 comae
733 1503 844 1551 lanarum
854 1502 1013 1560 ordinantem
1027 1517 1050 1551 v.

270 1567 408 1619 Schneider.
423 1570 515 1634 ibidp.
533 1577 588 1622 362.
606 1594 617 1616 ν
630 1576 689 1622 Jec.
706 1573 803 1623 Codicis
815 1573 929 1623 librarius
939 1575 1049 1622 δακτυλο-

271 1640 347 1699 epea
362 1641 506 1704 scripserat,
522 1641 606 1692 seder
615 1645 805 1706 superpositum.
815 1672 846 1680 -
861 1653 874 1694 5
889 1646 990 1706 σχοίνοις
1004 1647 1051 1693 Co·

270 1707 316 1756 dex
333 1713 413 1767 recte;
429 1711 487 1760 edili
497 1725 527 1760 ex
538 1713 605 1762 Plan.
616 1713 753 1775 οχοίνοιοιν,
767 1715 839 1774 male,
854 1715 884 1764 dc
899 1728 949 1777 qno
959 1715 1054 1764 monuit

269 1780 396 1830 ileclrerus
410 1785 436 1841 l,
458 1795 482 1844 p.
504 1787 554 1832 tei.
575 1788 602 1834 in
618 1783 666 1833 tine
685 1787 751 1834 Plan.
774 1787 886 1834 ὀδόντων.
909 1785 1054 1848 intelligitur

266 1849 329 1899 dens
344 1853 455 1914 pectinis.
466 1881 497 1890 —
511 1859 534 1904 7.
551 1875 562 1896 «
578 1856 731 1912 Παλλαντιάς.
747 1855 786 1904 Sic
800 1856 907 1905 nonnulli
919 1855 1052 1905 illirrerram

268 1921 421 1984 appellabant
430 1961 436 1980 ,
446 1926 475 1972 ut
487 1924 604 1972 Pallantis
614 1924 697 1973 tiliam.
711 1925 774 1974 Vide
782 1925 858 1976 Clem.
871 1927 939 1976 Alex.
951 1925 1050 1976 Cobort.

267 2003 291 2052 p.
306 1995 350 2050 24,
368 1993 445 2052 lleyn.
464 1991 644 2055 adapollodor.
662 1997 679 2044 t.
694 1997 727 2052 ll,
746 2009 770 2057 p.
788 1998 842 2044 lia.
856 2015 867 2037 ν
882 1996 940 2043 loc.
960 1993 1053 2044 Deinde

1074 1287 1076 1350 i
1097 1299 1128 1348 de
1151 1300 1213 1361 pelle
1233 1299 1281 1348 dici
1303 1303 1401 1363 nequit;
1417 1317 1493 1364 quare
1515 1303 1638 1366 xntipmlo
1652 1304 1805 1355 reddendum
1816 1313 1870 1370 poto

1098 1371 1252 1434 βαθυρῤίνονο.
1267 1371 1385 1420 Tunicam
1401 1375 1483 1422 autem
1498 1374 1595 1423 mulieri
1611 1374 1685 1424 nobili
1699 1379 1797 1438 poetam
1814 1376 1870 1427 dono

1097 1441 1194 1491 dedisse
1207 1446 1275 1506 patet
1287 1455 1317 1492 ex
1327 1457 1351 1490 v.
1368 1447 1381 1492 7
1395 1458 1401 1486 ι
1415 1444 1473 1504 δορα
1488 1446 1584 1506 χιτὼν
1596 1445 1636 1506 μὲν
1646 1452 1724 1508 χρῶτα
1733 1449 1869 1508 aspicietur·

1097 1525 1150 1560 earn
1160 1516 1255 1572 tamen,
1268 1514 1325 1562 licet
1334 1514 1513 1563 vitiosissimam
1523 1553 1529 1574 ,
1539 1513 1587 1563 dici
1596 1528 1667 1577 poenae
1676 1516 1777 1573 τάπητος
1790 1518 1870 1565 trimis

1097 1582 1225 1632 Jacobsius
1240 1585 1331 1632 nemini
1344 1587 1404 1646 puto
1417 1583 1582 1646 persuadebit.
1596 1585 1735 1647 commate,
1747 1587 1813 1648 quod
1823 1592 1871 1649 post

1097 1653 1189 1700 ἐνδυτόν
1199 1653 1306 1715 ponitur,
1318 1654 1415 1702 sublato
1427 1653 1502 1702 rerba
1518 1654 1552 1702 ita
1562 1654 1688 1718 jungenda
1701 1659 1760 1706 sunt
1771 1670 1779 1698 '-
1789 1659 1871 1706 ἐνδοτόν

1075 1738 1077 1781 3
1098 1721 1214 1782 εἰδόμενον
1229 1723 1332 1784 acaptare
1352 1725 1441 1771 εὐανθεῖ
1466 1723 1567 1790 τάπητος
1593 1731 1713 1786 priapeio,
1734 1729 1811 1775 vestis
1824 1740 1871 1790 per

1099 1793 1228 1852 tapetibus
1246 1792 1331 1842 derasis
1349 1793 1453 1843 etltosis.
1474 1813 1486 1836 ο
1504 1796 1555 1842 lloc
1571 1797 1649 1854 recte,
1660 1795 1704 1844 sed
1718 1796 1871 1860 βαῠυῤῥαίνοιο

1096 1861 1205 1910 nondum
1215 1876 1269 1912 esse
1283 1867 1395 1912 sanatum
1405 1867 1512 1926 apparet·
1521 1891 1551 1898 —
1561 1872 1584 1914 6.
1596 1865 1658 1912 llirrc
1673 1865 1763 1914 suidas
1776 1869 1870 1931 :sciptor

1098 1935 1223 1994 μυρεψικὸυ
1250 1934 1334 1983 ἔλαιον.
1356 1959 1387 1969 -
1412 1940 1425 1984 8
1444 1933 1532 1992 εὐειδὴς
1551 1934 1623 1995 ἀτμὸς
1651 1935 1699 1998 ἔχει
1721 1934 1794 1997 cod,
1815 1951 1870 1985 corr.
1928 1938 1949 1966 ’4

1096 2001 1197 2051 Salmas.

270 2079 283 2104 ο
298 2061 372 2124 rulgo
392 2063 535 2125 paternam.
552 2063 647 2113 Mutari
663 2069 807 2126 accentum,
821 2069 935 2116 mouente
950 2069 978 2116 L.
992 2067 1051 2116 Din-

264 2130 345 2180 dortio
357 2131 382 2180 'm
391 2133 464 2182 l'lres.
481 2153 493 2176 ν
508 2135 539 2183 B.
1128 2133 1208 2182 ccii.
1223 2132 1364 2196 «Apollini,
1375 2133 1414 2182 cui
1428 2133 1453 2182 in
1468 2132 1564 2197 fastigio
1576 2135 1736 2197 promontorii
1749 2135 1775 2185 io
1788 2139 1870 2186 leuca-

1097 2200 1137 2250 dia
1158 2202 1285 2264 peninsula
1308 2203 1427 2266 templum
1451 2206 1504 2252 erat
1527 2203 1576 2252 late
1598 2204 1760 2267 conspicuum
1780 2207 1869 2270 (l‘irgil.

1095 2273 1150 2320 AEu.
1165 2274 1207 2331 lli,
1226 2275 1304 2333 274),
1320 2277 1402 2321 nautae
1417 2273 1499 2322 tenuia
1512 2273 1623 2324 oit'erunt
1637 2287 1756 2334 munera,
1776 2273 1869 2324 iaustarn

266 2341 318 2405 χοὰς
341 2341 423 2391 Codex
438 2355 497 2404 apr.
514 2357 558 2401 m.;
570 2345 681 2406 βοτχειὰς
694 2345 732 2392 οο1
749 2343 901 2393 correctoris.
915 2369 947 2381 -
958 2349 980 2394 4.
994 2348 1050 2400 Ψή·
1097 2342 1274 2405 navigationem
1291 2347 1427 2408 precantes.
1454 2363 1464 2386 ν
1482 2345 1540 2392 loc.
1561 2371 1592 2383 -
1611 2349 1621 2393 1
1646 2345 1791 2402 τηλεονιὸτου
1808 2346 1869 2406 Cod,

267 2429 338 2470 «μου
356 2413 497 2474 captata-cqc
515 2427 559 2475 pro
579 2413 713 2476 periphrasi
733 2420 773 2472 τῆς
790 2415 907 2474 συμοολῆς
924 2417 990 2464 recte
1012 2416 1049 2464 iu·
1097 2413 1140 2462 sed
1154 2417 1220 2462 recte
1235 2428 1273 2476 ap.
1294 2413 1402 2462 Suidam.
1416 2434 1427 2454 ο
1439 2413 1489 2471 Qui
1504 2413 1561 2468 binc
1582 2417 1870 2480 :necessarissimas

266 2484 415 2544 terpretatur
427 2481 569 2532 Salmasius.
587 2486 629 2532 Est
643 2486 726 2532 autem
737 2486 812 2545 ψῆφος
825 2484 864 2533 vol
878 2485 930 2548 ipsa
939 2485 1051 2548 pecunia,
1097 2485 1129 2531 Ex
1139 2497 1163 2532 v.
1180 2489 1193 2533 3
1211 2505 1216 2532 :
1228 2487 1316 2539 δαῖτας·
1331 2484 1440 2546 εὐωχίας.
1457 2484 1494 2532 rid
1510 2497 1611 2533 versum
1626 2489 1640 2534 i
1659 2504 1665 2533 :
1680 2487 1763 2548 ὀλίγῃ,
1777 2487 1822 2536 ἀντι
1834 2495 1869 2536 τοῦ

266 2566 323 2614 queo
340 2565 355 2600 a
373 2551 474 2614 singulis
498 2553 607 2602 convivis
623 2553 803 2612 conterebatur,
820 2554 859 2602 rel
873 2557 967 2604 tessera
982 2569 1052 2616 quoe·
1097 2558 1175 2616 μικρᾷ.
1190 2555 1283 2602 liursus
1295 2566 1323 2602 ex
1335 2567 1359 2602 v.
1376 2561 1389 2603 5
1406 2567 1411 2594 ε
1427 2555 1628 2616 βρτχυμεγγίτης,
1642 2557 1656 2604 d
1668 2556 1801 2618 ὀλιγομαής.
1816 2579 1826 2599 ν
1845 2561 1868 2606 ll.

266 2621 324 2670 darn
337 2619 366 2668 ab
378 2619 464 2669 iisdem
479 2619 544 2670 data.
566 2641 577 2663 ν
593 2625 652 2671 Joc.
670 2649 701 2657 —
718 2627 732 2672 8
747 2623 848 2680 ηῠναοτυ
862 2623 922 2684 conj.
935 2623 1049 2687 Toupius.
1096 2624 1306 2681 -1τονὴῑονίων
1321 2623 1394 2681 Cods,
1409 2638 1472 2672 corr.
1487 2624 1588 2673 Salmas.
1599 2652 1630 2660 -
1643 2635 1657 2675 e
1668 2629 1680 2651 *
1693 2628 1772 2688 ολνγης
1785 2629 1868 2686 eoem

1096 2695 1167 2751 ὄλπης
1183 2695 1284 2744 Salmas.
1304 2714 1316 2736 n
1336 2697 1427 2744 Forsan
1440 2697 1578 2758 ττιυομὲυου,
1597 2697 1684 2746 active.
1699 2698 1814 2748 Converti
1827 2698 1869 2746 etli-

297 2763 419 2812 ccxiiii.
444 2783 456 2806 ο
478 2762 559 2812 Pisoni
577 2768 649 2826 poeta
665 2764 690 2813 in
705 2765 876 2815 Saturnalibus
889 2778 988 2814 cereum
1009 2763 1052 2814 dat
1096 2768 1149 2813 tum
1163 2767 1285 2823 πινόμενον
1300 2777 1373 2814 sensu
1388 2765 1493 2828 passivo.
1512 2769 1594 2825 Quum
1605 2769 1674 2823 τέλος
1689 2769 1777 2830 λύχνου
1787 2768 1869 2820 elien·
1948 2803 1949 2832 ,

266 2833 369 2882 muneri.
384 2835 436 2881 lloc
449 2834 679 2896 pauperesclientee
691 2835 789 2895 iecisse,
801 2839 933 2886 constater
944 2834 1050 2884 liacrob.
1096 2839 1137 2884 tur
1152 2835 1243 2884 ebibito
1259 2835 1325 2896 oleo,
1339 2835 1420 2898 ipsura
1444 2837 1513 2892 τέλος
1536 2836 1632 2886 dictum
1656 2839 1702 2888 luit
1722 2840 1841 2898 πινόμενον
1858 2852 1871 2887 ο
1948 2849 1949 2880 1

266 2905 316 2953 set.
333 2906 357 2964 l,
377 2907 399 2953 7.
422 2929 453 2938 -
474 2909 494 2953 1.
513 2905 666 2967 Κημοχίτονν,
688 2909 744 2955 cert
757 2906 828 2968 quasi
842 2906 936 2958 induta.
957 2926 969 2949 ν
990 2911 1048 2955 loc.
1096 2909 1167 2968 poeta
1183 2905 1256 2956 docto
1268 2919 1297 2954 ac
1311 2905 1439 2956 laborioso.
1460 2928 1472 2950 ν
1491 2909 1522 2956 B.
1534 2908 1597 2957 Cum
1611 2909 1870 2971 iprpsteiconl'erl'bi·
1948 2915 1949 2954 4

266 2974 350 3024 Codex
362 2977 475 3036 rupqpe'ot,
496 2975 561 3024 Plan.
575 2977 684 3039 τυφήρεα.
706 2997 718 3018 n
733 2977 796 3027 Hinc
812 2977 901 3026 suidas
921 2979 1050 3040 ιτυφήρετι·
1096 2975 1184 3026 lederu.
1200 2979 1230 3038 V,
1241 2991 1280 3040 ep.
1296 2981 1320 3036 4,
1333 2983 1355 3027 2.
1948 2985 1949 3010 4

266 3047 653 3108 τυφωνικήυ.11ιιι11οτυμωυικόν.
676 3046 724 3096 sed
743 3051 781 3096 est
803 3049 903 3111 τυμὴρεα
920 3062 935 3097 a
955 3047 1051 3097 nomine

266 3120 325 3176 τύοη
350 3117 524 3177 derivandum,
549 3117 616 3179 quod
633 3117 793 3177 monstrarit,
815 3133 860 3169 nec
882 3119 990 3182 primus,
1014 3121 1052 3168 vir
1127 3117 1219 3165 CCLll.
1237 3136 1248 3158 ν
1259 3116 1339 3166 Nobili
1353 3117 1450 3166 cuidam
1464 3115 1574 3178 mulieri,
1591 3117 1694 3168 temese
1705 3119 1810 3170 Caeseris
1824 3134 1870 3169 con·
1948 3127 1949 3184 l

267 3190 356 3239 doctus
370 3189 411 3250 qui
425 3189 449 3236 in
469 3187 577 3237 Classico
593 3189 681 3252 Valpyi
701 3189 784 3238 Diario
799 3193 817 3239 t.
832 3193 881 3250 xv,
892 3205 915 3252 p.
932 3191 1052 3252 emptius
1093 3185 1158 3248 iugi,
1176 3188 1248 3248 pocla
1271 3183 1372 3234 hiberno
1390 3189 1500 3248 tempore
1525 3185 1617 3234 malum
1635 3199 1666 3235 ex
1689 3187 1809 3249 praeteriti
1822 3188 1870 3237 anni
1948 3191 1949 3266 4

267 3261 388 3310 draticlrou
409 3259 582 3321 interpretatus
606 3263 643 3308 ast
658 3263 683 3309 et
701 3273 715 3308 a
735 3260 802 3310 taleis
826 3261 903 3309 critici
923 3260 1051 3320 cujusdam
1095 3260 1216 3319 proventu
1231 3256 1283 3305 sine
1302 3257 1398 3306 macula
1416 3259 1541 3306 servatum
1554 3255 1639 3306 mittit.
1654 3257 1750 3307 Malam
1765 3257 1868 3320 loqrritur.
1948 3267 1949 3300 1

267 3329 413 3392 conjecturis
425 3329 570 3388 vindicavit,
582 3341 708 3391 genusque
719 3333 745 3378 et
761 3330 925 3392 quantitatem
938 3329 1052 3380 tractavit
1096 3355 1126 3362 —
1141 3333 1149 3376 l
1167 3328 1286 3390 στρούθιον
1298 3326 1368 3386 cod,
1381 3328 1485 3376 alterum
1498 3326 1586 3376 Suidas
1599 3327 1624 3376 in
1636 3327 1698 3386 ῘΙοίη
1714 3330 1743 3378 et
1759 3329 1870 3380 Plaudet
1948 3329 1949 3386 ξ

266 3400 370 3449 nominis
384 3401 497 3460 adnepos
510 3421 520 3442 ν
539 3401 569 3448 Β.
583 3401 649 3460 Trione,
664 3403 702 3450 est
714 3399 789 3450 herba
803 3401 998 3463 palustris,qure
1010 3401 1051 3450 lu·
1095 3397 1152 3445 mali
1166 3397 1263 3458 cydonii
1278 3397 1380 3460 species.
1397 3398 1504 3446 Galenus
1518 3399 1554 3448 lte
1571 3397 1643 3448 sanit-
1657 3398 1752 3449 urenda
1771 3413 1792 3450 c.
1806 3400 1845 3449 ull.
1863 3419 1868 3446 :
1948 3409 1949 3450 4

266 3471 345 3520 cernis
360 3469 475 3520 iaciendis
491 3471 646 3520 inserviebat.
665 3497 695 3506 —
710 3479 732 3521 t.
750 3492 761 3514 ο
777 3472 856 3520 Verba
866 3475 937 3534 λεπτῇ
950 3473 1051 3533 πατύρῳ
1948 3527 1949 3530 ς

267 3541 405 3604 accipienda
418 3545 476 3590 sunt
488 3541 518 3590 de
531 3541 603 3603 scirpi
620 3541 724 3601 cortice,
739 3555 753 3590 ο
769 3555 818 3603 quo
831 3541 939 3590 candela
952 3540 1050 3602 fiebant,
1948 3539 1949 3612 4

266 3615 330 3662 teste
346 3612 421 3661 Plinio
439 3615 502 3670 xvi,
519 3616 546 3660 37
562 3615 658 3675 :scirpi
674 3610 781 3674 [roptles
797 3613 1020 3690 puteumque...
1038 3625 1051 3659 e

268 3685 360 3747 quibus
371 3682 489 3732 detrecto
501 3685 604 3740 cortice,
618 3681 735 3732 condeto}
753 3683 895 3732 terratribus
912 3686 937 3730 et
949 3682 1052 3745 fratreri·
1096 3676 1160 3726 das:
1176 3679 1246 3734 τοίη,
1261 3682 1273 3726 i
1287 3679 1389 3733 ἐνιαυτὸς
1404 3678 1469 3740 παρὰ
1480 3679 1633 3740 Καλλιμάχῳ,
1644 3679 1708 3740 παρὰ
1726 3680 1755 3727 τὸ
1767 3679 1825 3734 ἆτος
1835 3679 1869 3725 τοὶ
1948 3735 1949 3754 ἢ

267 3753 314 3802 bus
323 3755 450 3802 serotuot.
466 3753 585 3800 Naturam
602 3765 762 3814 papyraceam
780 3751 820 3801 hic
836 3755 915 3802 cortex
932 3752 1050 3814 habebat,
1096 3747 1166 3808 μόνον
1180 3747 1203 3794 ὲν
1212 3753 1245 3810 τῷ
1255 3749 1351 3810 illuviei>
1362 3749 1403 3805 1111
1418 3749 1629 3809 βοτάνηνφύεσθᾶῑ·
1641 3746 1704 3796 Vide
1717 3750 1770 3798 1104·
1784 3747 1814 3796 ed
1823 3750 1868 3806 ill·
1948 3755 1949 3816 l

267 3823 311 3884 qui
325 3837 419 3885 semper
440 3821 702 3884 interiectionem
720 3823 751 3871 de
766 3837 856 3886 papyro
871 3823 964 3885 lyclrnis
981 3823 1051 3873 adhi-
1096 3831 1133 3880 ep.
1154 3821 1208 3867 627.
1220 3818 1367 3868 ¹Grotianum
1377 3821 1405 3867 tn
1425 3818 1498 3882 sollis
1517 3833 1564 3868 non
1582 3818 1712 3881 respondet
1731 3819 1815 3882 grreds
1828 3819 1869 3867 ullo

298 2270 446 2320 ccxtvrlr.
467 2221 588 2333 Lagenirm
606 2273 679 2334 poeta
693 2273 783 2322 Veneri
799 2272 904 2324 dedicat.
918 2279 976 2325 -3
994 2277 1053 2338 βακ-

1095 3473 1141 3516 τῶν
1153 3469 1276 3516 Κυδωνίωυ
1290 3470 1369 3526 μήλων
1384 3469 1414 3516 τὰ
1430 3469 1501 3529 μείζω
1510 3487 1535 3517 τε
1550 3471 1589 3517 καὶ
1608 3469 1667 3528 ἡδίω
1676 3471 1716 3517 καὶ
1731 3469 1801 3530 ἦττον
1810 3487 1869 3532 orpu-

1096 3541 1153 3596 ονὰ,
1170 3542 1346 3603 ἂστρούθια
1365 3541 1475 3588 καλοῦσιν
1489 3543 1511 3589 ol
1528 3540 1591 3588 κατὰ
1615 3541 1656 3597 τὴν
1675 3542 1790 3602 ἡμετέραν
1804 3539 1870 3588 Ἀσίου

1095 3609 1214 3665 Ἕλληνες.
1230 3629 1242 3650 ν»
1254 3612 1310 3657 Joc.
1322 3607 1415 3656 Deinde
1429 3609 1496 3656 Plan.
1505 3607 1545 3670 ἀφ’
1559 3609 1698 3670 ὁπλοτέρης,
1709 3608 1785 3658 male.
1798 3627 1809 3649 ο
1822 3607 1869 3656 Sul·

266 3891 318 3942 bito
336 3893 425 3955 agitur,
445 3893 547 3941 docento
564 3893 665 3941 Salmas.
685 3893 717 3941 ad
735 3885 809 3942 Solio.
825 3905 847 3956 p.
864 3897 918 3952 705,
932 3897 960 3944 G.
979 3897 1051 3944 liccte
1095 3887 1177 3937 ¹¹1⁰d0·
1192 3907 1203 3930 ¹¹
1218 3891 1248 3936 Β·
1262 3896 1318 3938 -2
1338 3894 1428 3952 11111114)
1446 3888 1764 3950 Ι1014111118.1111111111141111
1776 3889 1869 3952 00117111·

266 3965 421 4012 Burmannus
445 3967 556 4013 nostrum
572 3963 681 4013 admonit
696 3964 844 4013 carminibus
855 3964 954 4016 duobus
968 3965 991 4012 in
1006 3971 1051 4014 nn·
1095 3963 1134 4008 1111
1155 3959 1253 4007 11110111-
1269 3958 1300 4007 14
1315 3955 1431 4008 Antistia
1446 3959 1494 4007 104·
1513 3961 1579 4018 lilii»
1602 3971 1625 4020 P·
1642 3962 1665 4006 7·
1690 3957 1773 4008 0014111
1785 3963 1867 4038 namn,

266 4032 326 4082 thol.
340 4036 392 4083 ονε
405 4036 436 4092 v,
449 4047 487 4096 ep.
504 4039 556 4092 rsa,
575 4041 626 4085 rao.
645 4037 759 4083 ceterum
773 4036 873 4098 τοπορῳ
891 4035 1052 4085 1οοονοτ11οτο
1096 4029 1249 4092 superposito
1263 4043 1278 4077 ο
1293 4033 1430 4079 correctore
1443 4047 1462 4086 ε.
1479 4032 1507 4079 ut
1525 4031 1591 4078 esset
1606 4033 1698 4091 νεαρῷ,
1712 4028 1781 4090 quod
1791 4029 1868 4090 legam

266 4103 380 4166 corripit,
394 4116 469 4164 quam
490 4103 570 4152 Latini
584 4108 724 4153 constanter
735 4104 883 4166 producunt.
905 4107 975 4154 Coni.
990 4108 1050 4154 lloe·
1095 4113 1133 4161 111)-
1150 4097 1216 4146 Sitill-
1229 4099 1406 4148 11141111-3.
1420 4119 1430 4140 ‘⁴
1443 4099 1505 4147 111111
1515 4099 1601 4148 Sullas
1615 4099 1868 4160 141411ῑλοςνΰ111λὲλ1114

265 4175 304 4222 rin
327 4189 350 4236 p.
369 4179 422 4224 311.
440 4193 451 4216 n
470 4177 525 4224 lac,
544 4201 573 4210 .-
589 4180 611 4223 3,
633 4195 644 4216 n
664 4177 767 4224 cereum
792 4178 857 4236 γέρας
878 4179 963 4234 vocat,
983 4175 1052 4238 quod
1095 4169 1177 4218 σπίλον
1193 4171 1253 4217 τινά.
1270 4171 1306 4217 Ex
1323 4169 1433 4231 sequenti
1446 4182 1518 4218 versu
1536 4189 1541 4216 :
1557 4170 1713 4230 suanae-at
1727 4175 1769 4218 τοῦ
1781 4171 1819 4216 ἔτι.
1831 4168 1869 4217 lbi·

266 4243 422 4292 honorarium
440 4243 515 4294 cliens
531 4245 637 4294 debebat
650 4249 760 4306 patrono.
775 4245 846 4302 Quod
859 4245 942 4304 addit,
955 4249 982 4303 ἢν
992 4247 1016 4294 δέ
1026 4249 1051 4309 μ’
1094 4239 1151 4288 dem
1168 4253 1249 4302 apogr.
1268 4243 1321 4288 Par.
1337 4241 1471 4304 ἀκρεμοοιν,
1489 4239 1554 4302 quod
1574 4241 1653 4303 recepi
1667 4254 1711 4303 pro
1729 4241 1794 4304 vulg.
1809 4240 1868 4302 ἀνμτ-
1948 4295 1949 4312 4

265 4316 357 4376 ὰνάψας
376 4315 485 4371 εὔξηται,
507 4314 553 4363 lroc
573 4315 691 4363 vocabant
706 4315 791 4363 locem
810 4315 899 4377 [acere
910 4319 1026 4365 ¹satureo
1042 4333 1050 4366 .-
1096 4327 1173 4372 poeto.
1193 4309 1254 4358 Vide
1271 4313 1320 4359 not.
1337 4309 1368 4358 ad
1379 4313 1418 4364 lx,
1433 4323 1471 4372 cp.
1485 4315 1508 4359 3.
1531 4312 1585 4358 νΒ.
1601 4336 1630 4345 -
1641 4318 1655 4360 5
1666 4311 1698 4366 είς
1715 4311 1742 4360 δέ
1756 4312 1869 4359 σὀίντοοο
1948 4323 1949 4386 3

266 4384 344 4433 cereis
362 4383 426 4432 enim
440 4385 548 4432 accensis
565 4384 599 4433 illi
613 4398 697 4446 preces
710 4383 886 4446 concipiebant.
898 4388 1050 4448 Quamquam
1095 4380 1155 4429 Cod.
1175 4383 1200 4430 et
1213 4379 1291 4436 suida
1315 4383 1346 4435 εἰς
1365 4382 1391 4429 σὲ
1410 4381 1430 4428 δ’
1448 4383 1554 4430 ἄνασσαν
1575 4381 1639 4430 111111Ι
1659 4401 1671 4423 «
1687 4383 1766 4437 Eleo&
1782 4382 1869 4442 441111·-
1948 4387 1949 4454 ᾖ

265 4455 356 4503 Ρου1υο
371 4454 508 4514 Diaconus,
523 4455 651 4504 mutilator
673 4454 753 4516 Festi,
766 4453 826 4503 dicit
844 4457 941 4504 Lucem
960 4456 1050 4518 secere
1095 4451 1155 4511 tuli,
1171 4465 1201 4500 ue
1215 4453 1254 4511 σε’,
1271 4450 1336 4512 quod
1348 4455 1386 4500 est
1401 4451 1425 4498 in
1439 4451 1569 4510 antitlresi,
1580 4451 1678 4500 elisione
1694 4451 1866 4529 obscuraretur.
1948 4459 1949 4514 i

265 4528 397 4585 Saturno,
414 4538 469 4573 esse
480 4529 560 4587 copul
575 4525 690 4587 detepere
701 4529 824 4574 saliuae.
841 4527 894 4574 Non
907 4525 1050 4577 dubitamus
1094 4522 1159 4571 Dicit
1174 4525 1219 4571 :tet
1232 4525 1307 4572 enam
1324 4524 1449 4584 proliano.
1460 4523 1513 4570 Non
1527 4521 1622 4584 proprio
1634 4525 1717 4570 autem
1727 4535 1801 4571 sensu
1811 4534 1868 4569 amr·
1948 4551 1949 4594 f

263 4600 360 4654 temon,
385 4593 454 4657 quod
476 4595 540 4644 cerei
560 4595 754 4644 accendebantur
778 4597 899 4654 Satrnno,
923 4600 1050 4658 propterea
1094 4594 1209 4659 piendum
1223 4607 1277 4643 esse
1286 4594 1443 4658 inopopcpet,
1456 4596 1541 4656 sponte
1550 4597 1659 4656 apparet.
1669 4595 1751 4644 natac.
1881 4618 1884 4653 ν
1948 4597 1949 4672 4

264 4665 346 4727 potius
360 4665 393 4714 ita
410 4664 502 4714 dixisse
517 4667 619 4714 veteres.
632 4665 739 4726 Reliquis
757 4665 820 4714 enim
832 4665 878 4714 diis
889 4669 963 4728 caput
974 4667 1050 4716 obnu-
1595 4722 1600 4734 ,
1693 4721 1700 4734 ,
1849 4721 1853 4732 ,
1948 4697 1949 4734 q

263 4733 366 4794 bebrant,
385 4748 461 4797 quum
476 4733 643 4796 concipiebant
657 4747 749 4796 preces.
770 4754 781 4776 ν
802 4734 918 4796 scatlpcr
935 4735 965 4783 ad
986 4738 1047 4784 Var-
1125 4725 1227 4773 Cfflfl·
1249 4723 1368 4772 S⁰⁵³¹¹d⁰l
1381 4725 1482 4772 venam?
1497 4721 1628 4786 Nlml’h'Ss
1643 4724 1739 4772 4444444144
1755 4724 1867 4772 4441444414
1948 4737 1949 4774 4

263 4817 315 4852 ron.
327 4808 353 4852 L.
366 4808 392 4853 L.
407 4817 431 4865 p.
441 4809 471 4854 le
484 4805 522 4853 ed.
537 4804 588 4864 ltip.
600 4830 630 4837 —
647 4807 659 4852 4
671 4806 768 4866 εὔχηται
780 4804 848 4852 Suid.
859 4803 884 4852 in
894 4804 1047 4866 Ἀκουοίυτον,
1093 4811 1221 4846 cervorum
1234 4795 1310 4858 spolia
1323 4794 1426 4843 dedicat.
1447 4820 1479 4830 -
1494 4799 1515 4843 1.
1532 4813 1543 4836 ν
1565 4793 1626 4842 ilinc
1641 4791 1729 4876 suidas
1751 4811 1766 4872 ι,
1775 4793 1868 4874 arilei·
1948 4813 1949 4850 ί

263 4877 290 4924 τὸ
305 4879 336 4930 εἰς
354 4875 634 4938 Θτοῡᾰκοὰςὲμχὸμενον.
654 4877 733 4924 immo
751 4876 872 4924 llarnmam
890 4889 946 4938 qum
963 4889 1048 4938 preces
1092 4883 1142 4929 γᾶς·
1168 4869 1286 4926 caritate,
1314 4867 1459 4927 asclepam.
1478 4867 1511 4913 Ε1
1526 4878 1550 4913 V·
1572 4871 1609 4913 ²2
1634 4865 1704 4912 11451·
1723 4865 1808 4942 mitt·
1827 4863 1866 4920 hl·
1948 4875 1949 4930 ᾖ

262 4951 317 4995 tum
341 4951 472 5008 conceptas
493 4945 526 4995 ad
543 4946 646 4994 deorum
663 4959 736 4995 aures
752 4946 892 5009 pervenisse
916 4945 1045 4995 inclicabat.
1092 4937 1304 5000 repedarat-rm·
1318 4939 1349 4992 ὡς
1367 4939 1444 5000 πρὼν,
1463 4937 1560 4998 seori:-
1574 4955 1586 4977 ν
1604 4937 1633 4983 B·
1654 4939 1710 4983 -3
1729 4936 1805 4988 liano:
1826 4948 1866 4979 aa·
1948 4951 1949 5008 4

263 5017 331 5067 Plan.
343 5019 492 5066 ἀκουσόοεον.
1092 5011 1184 5072 χήεσοοι
1197 5021 1239 5071 ap.
1260 5006 1328 5055 Suid.
1340 5034 1371 5042 —
1385 5011 1397 5055 4
1416 5007 1533 5063 auocata:
1544 5003 1634 5064 Codex,
1644 5017 1706 5052 corr.
1724 5003 1845 5052 lieclcrus
1860 5014 1865 5042 τ
1948 5021 1949 5074 l

491 5083 495 5089 '
1093 5099 1105 5122 ο
1125 5083 1216 5129 Βᾶσσαι
1236 5078 1301 5140 regio
1323 5077 1432 5126 Arcadiae
1453 5076 1532 5126 vicina
1549 5075 1627 5124 monti
1649 5074 1759 5138 Cotplio,
1775 5087 1806 5122 ex
1824 5083 1867 5134 quo
1948 5075 1949 5154 4

294 5149 362 5198 CCL.
380 5151 509 5198 Generosa.
524 5147 623 5200 cuidam
642 5147 738 5197 mulieri
751 5141 854 5196 munera
870 5147 946 5196 mittit
965 5147 1045 5209 pocla.
1092 5147 1147 5196 tons
1165 5147 1278 5210 prolluit3
1293 5145 1349 5194 ride
1366 5147 1469 5195 Pausan.
1492 5146 1560 5205 vill,
1583 5149 1623 5207 41,
1638 5145 1652 5208 §
1673 5149 1696 5193 7.
1715 5164 1726 5185 ν
1746 5141 1866 5192 Jacobsius
1948 5159 1949 5178 ν

263 5243 294 5256 ··
311 5225 319 5266 ¹
337 5221 396 5280 esec
405 5221 435 5268 114
447 5221 534 5284 &rupae
549 5219 707 5280 eodemqe
726 5219 846 5282 14111χή1
863 5217 965 5277 Saintes,
983 5229 1044 5264 11011.
1075 5218 1221 5280 ‚duracium
1240 5237 1252 5259 ο
1274 5219 1394 5280 aliisae,
1412 5219 1441 5266 ut
1462 5215 1492 5265 ab
1515 5217 1559 5273 ὕλη
1582 5217 1620 5265 est
1635 5219 1686 5264 iam
1704 5215 1781 5271 ὑλήεις
1799 5225 1865 5274 quero
1948 5181 1949 5266 4

263 5285 382 5338 licislius.
396 5291 425 5339 in
438 5289 486 5340 trare
502 5291 586 5340 πολλὸν
600 5287 649 5353 lod
659 5289 726 5340 ὄλὸον
742 5289 899 5339 referendum
909 5295 917 5353 i
928 5288 1045 5351 'l'oupius,
1090 5291 1181 5346 ὑλοιῖος,
1199 5291 1245 5338 etc.
1259 5288 1328 5336 lianc
1346 5286 1447 5336 sormam
1460 5287 1578 5350 tanquam
1598 5285 1686 5349 gentile
1699 5283 1773 5333 babet
1787 5281 1862 5343 steph.
1948 5281 1949 5324 l
