3916 5930
523 537 645 598 CAPUT
666 537 727 598 Vll.
750 535 1027 598 EPIGRAMMATA
1049 533 1318 597 SEPULGRALbl.
1666 539 1721 597 329

116 651 154 727 Ἦ
171 667 234 746 γὰρ,
248 665 396 747 δρινομένου
410 667 518 745 πόντου,
532 667 641 726 δείσασα
656 667 787 740 θαλάσσης

157 754 231 834 ῦόριν
244 753 310 834 ὑπὲρ
324 755 409 814 κοίλου
425 753 546 835 δούρατος
559 756 686 824 ἐξέπεσες.

944 675 1056 726 Profecto
1070 677 1143 739 enim,
1156 679 1236 727 emoto
1250 677 1340 740 ponto,
1358 675 1436 725 verita
1448 674 1553 737 equoris

973 761 1124 822 violentiam,
1134 776 1194 812 earo
1209 762 1296 812 robore
1307 763 1394 826 (ιταοο)
1407 761 1510 824 desuper
1522 761 1641 811 excidisti.

78 860 90 897 τ
117 845 171 904 Καὶ
188 844 233 902 σὸν
250 843 297 916 μὲν
311 852 391 923 ρωνεῑ
404 843 484 932 πάρος
498 843 596 921 οὔνομα
608 889 616 918 ,
629 846 674 904 καὶ
693 844 774 924 χθόνα
790 845 896 923 Κύμην,
943 849 1719 912 EttuumquidemloquiturtumulusnomeuetterramCymen,

157 931 235 990 ὀστέα
251 931 278 989 δέ
294 933 388 1011 ψυχρῷ
402 931 503 999 κλύζετ’
518 935 560 990 ἐπ’
573 936 699 1013 αἰγιαλῷ,

117 1020 210 1098 πικρὸν
223 1019 408 1098 Ἀριστομάχῳ
419 1019 509 1100 γενέτῃ
521 1021 613 1097 κακόν,
623 1021 650 1088 δς
662 1045 691 1081 σε
706 1021 818 1098 κομίζων

157 1110 182 1172 ές
195 1107 289 1184 γάμον,
302 1105 359 1164 οὔτε
373 1106 452 1188 κόρην
463 1107 559 1188 ἤγαγεν
570 1107 628 1168 οὔτε
644 1107 729 1172 νέκυν,

228 1254 296 1331 τοι,
319 1213 472 1304 omres
494 1244 789 1307 cassaremus.

118 1380 266 1454 Ἁλκυόσιν,
278 1385 393 1454 Ληναῖε,
409 1381 495 1457 μέλεις
504 1379 589 1460 τάχα·
604 1382 679 1462 κωρά
691 1380 718 1440 δὲ
731 1383 818 1462 μήτ-ηρ

158 1469 247 1548 pope&
260 1469 325 1550 ὑπὲρ
340 1471 450 1549 κρύεροῦ
464 1471 590 1550 δυρομένη
605 1494 634 1530 σε
645 1470 736 1542 τάφου.

259 1621 327 1670 293.
352 1609 530 1670 ΙΣΙΔΩΡΟΥ
550 1611 750 1671 ΑΙΓΕΑΤΟΥ.

121 1697 144 1717 ,s

97 1722 122 1844 s
158 1750 200 1808 Οὐ
211 1753 292 1827 χεῖμα
304 1748 471 1828 Νικόρημον,
483 1750 530 1808 οὐκ
545 1748 646 1830 ἄστρων
659 1749 730 1818 δύσις

93 1845 97 1913 ζ
160 1836 221 1902 ἁλὸς
231 1836 366 1908 Λιόύσοης
379 1837 492 1911 κύμασιν
507 1835 675 1896 κατέκλυσεν·

161 1923 221 1982 ἀλλ’
233 1927 259 1982 έν
271 1923 388 2002 γαλήνῃ,
405 1929 450 2004 ρεῦ
465 1924 560 1990 τάλαςί
574 1926 696 2007 ἀνηνέμιρ

160 2011 234 2090 πλόῳ
247 2012 384 2083 πεδηθεὶς,
397 2011 493 2091 έρρύγη
510 2013 597 2092 δίψους
609 2013 669 2073 ύτο.

161 2099 215 2160 Καὶ
229 2099 300 2157 τοῦτ’
311 2098 412 2170 ἀήτεων
427 2098 510 2176 ἔργον·
523 2092 540 2156 δι
554 2101 634 2158 πόσον
648 2101 728 2160 κακὸν

95 2206 110 2238 ν
159 2187 292 2246 ναύταισιν
307 2187 454 2258 ἣπνέοντες
468 2188 485 2258 ’λ
501 2190 660 2264 μεμυκότεςί

291 2339 360 2388 294.
382 2330 549 2389 ΤΥΛΑΙΟΥ
569 2331 729 2390 duretis.

122 2467 222 2550 Γρυνέα
237 2461 281 2527 τόν
296 2469 423 2548 πρέσῦυν,
439 2469 483 2528 τόν
496 2471 633 2550 άλιτρύτου
648 2471 701 2528 ἀπὸ
717 2470 819 2548 κύμὸης

160 2561 261 2631 ζῶντα,
275 2557 319 2616 τὸν
332 2557 479 2636 ἀγκίστροις
493 2559 538 2616 καὶ
551 2557 678 2636 μογέοντα
693 2557 787 2638 λίνοις,

120 2649 150 2706 ἐκ
163 2649 246 2706 δεινοῦ
260 2653 370 2725 τρηχεῖα
384 2647 469 2706 Νότου
482 2647 606 2705 κατέδυσε
618 2646 754 2720 θάλασσα,

159 2733 255 2813 ἔδρασε
267 2735 288 2792 δ’
300 2737 324 2800 ἐς
336 2735 466 2812 κροκάλην
477 2734 574 2812 πρώϊον
586 2735 676 2806 ἠϊόνα,
733 2727 738 2744 ’

119 2831 210 2901 χεῖρας
222 2820 419 2901 οἷποόρωθέντα.
432 2821 479 2888 Τίς
491 2823 520 2880 οὐ
533 2821 588 2881 νόον
605 2821 705 2901 ἰχθύσιν
720 2819 787 2880 εἴποι

159 2911 286 2988 ἔμμεναι,
297 2910 322 2969 οἳ
338 2910 451 2988 μούνας,
467 2901 507 2978 αἷς
522 2911 640 2970 ὀλέκοντο
645 2958 653 2985 ,
668 2911 767 2991 pipam

247 3063 315 3115 295.
338 3054 502 3114 ΔΕΩΝΙΔΑ
523 3054 774 3114 ΤΑΡΕΝΤΙΝΟΥ.

119 3199 205 3274 Θῆριν
219 3196 262 3254 τὸν
274 3197 439 3274 τριγέροντα,
452 3197 495 3256 τόν
511 3197 626 3276 εύάγρων
640 3195 691 3256 άπὸ
702 3195 801 3275 κύρτων

159 3288 258 3354 ζῶντα,
274 3285 317 3342 τὸν
332 3285 431 3358 αἰθυέης
445 3285 552 3344 πλείονα
567 3284 717 3360 νηξάμενον,

121 3374 338 3452 ἰχθυσιληϊστῆρα
348 3419 356 3445 ,
367 3373 497 3450 σαγηνέα,
507 3373 703 3453 χηραμοδύτην,

161 3463 221 3540 οὐχὶ
234 3463 421 3537 πολυσκάλμου
434 3462 556 3540 πλόιτορα
569 3462 718 3538 ναυτιλίης,

83 3573 94 3608 s
120 3547 208 3626 ἔμπης
222 3548 275 3607 οὔτ’
290 3550 440 3630 Ἀρκτοῦρος
452 3550 596 3621 ἀπώλεσεν,
607 3548 665 3607 οὔτε
680 3549 799 3626 καταιγὶς
831 3575 834 3582 ’

159 3637 245 3708 ἤλασε
255 3637 301 3704 τάς
313 3636 410 3704 πολλάς
424 3643 475 3697 τῶν
490 3637 567 3696 ἐτέων
580 3637 704 3703 δεκάδας·

120 3726 179 3782 ἀλλ’
191 3723 261 3782 ἔθαν’
277 3728 303 3784 ἐν
317 3723 420 3804 καλύόη
437 3723 586 3804 σχοινίτιδι,
600 3724 691 3802 λύχνος
704 3727 797 3795 ὁποῖα,

159 3816 199 3891 τῷ
214 3817 308 3894 μακρῷ
323 3812 439 3879 stactei<
453 3814 479 3870 ἐν
493 3812 578 3892 χρόνῳ
593 3812 748 3888 αὐτόματος.

120 3903 203 3976 Σῆμα
215 3900 243 3958 δὲ
254 3899 324 3958 τοῦτ’
337 3903 365 3958 οὐ
380 3901 470 3966 παῖδες
484 3900 644 3979 έρήρμοσαν,
655 3899 708 3958 οὐδ’
718 3897 887 3976 ὁμόλεκτρος,

120 4071 183 4116 Nam
197 4066 273 4132 pelagi
284 4067 376 4132 trepido
387 4077 478 4132 spectas
491 4067 548 4115 dum
557 4067 630 4116 eorde
644 4066 771 4125 tumultus,

153 4154 183 4198 ln
197 4149 307 4198 rabidum
318 4148 409 4198 summa
419 4149 449 4198 de
467 4158 518 4196 rate
532 4149 597 4214 lapsa
610 4165 675 4198 mare
687 4165 720 4196 es.

119 4234 192 4280 Nunc
205 4231 309 4280 tumulus
323 4247 458 4295 nomenque
470 4240 538 4280 luunt
552 4235 697 4296 Cumamque
711 4231 823 4296 loquetur
835 4247 843 4292 ;

155 4319 213 4364 Ossa
223 4313 298 4363 sedin
310 4315 387 4378 gelido
397 4315 478 4364 littore
491 4331 571 4380 sparsa
586 4315 688 4364 madent.

117 4395 175 4444 ibat
188 4395 367 4445 Aristomachus
377 4396 472 4460 genitor
487 4405 510 4444 te
522 4395 585 4445 serre
597 4395 684 4444 marito
699 4414 706 4444 τ

156 4476 257 4538 tutelis,
271 4493 348 4542 neque
362 4485 385 4526 te
395 4476 484 4543 quippe
497 4493 541 4526 nee
553 4493 604 4526 ossa
619 4476 689 4526 ieret.

364 4585 421 4648 293·
441 4599 532 4633 rstuoar
549 4600 664 4634 ποτιτε.

119 4699 195 4744 llunc
206 4694 381 4760 Nicophemum
401 4710 449 4743 ποπ
463 4692 564 4758 hyems,
575 4708 624 4741 non
635 4691 738 4741 siderum

119 4782 241 4837 Occasus,
252 4776 305 4826 atri
322 4793 370 4825 non
383 4775 450 4824 luror
462 4774 544 4823 mersit
554 4773 598 4822 sali
614 4789 620 4823 :

120 4859 168 4907 Sed
183 4874 227 4923 per
236 4873 344 4918 serenam
355 4857 425 4922 (quis
437 4863 505 4922 putet
514 4856 544 4918 ·³l
557 4855 681 4921 pellaciam

121 4945 151 4990 lu
165 4956 227 4990 nare
240 4950 321 5006 coptus
333 4941 391 4990 arsit
401 4940 482 4988 insana
491 4937 539 4986 siti.

121 5029 152 5075 Et
165 5025 213 5073 hoo
223 5024 327 5090 patrarit
340 5033 425 5074 tentus
436 5039 442 5073 τ
455 5021 474 5071 is
486 5021 564 5070 nautis
577 5023 665 5070 ntalem
757 5029 760 5050 ⁵

122 5113 233 5156 lntmane
243 5122 285 5156 seu
298 5105 354 5169 dat,
365 5105 414 5154 sire
427 5104 518 5171 sopitos
529 5103 591 5153 silet.

368 5226 425 5281 τρι.
444 5233 528 5264 runnu
547 5230 656 5263 πτιτιιπε.

121 5333 222 5394 Grynea
232 5325 381 5390 longarum,
394 5325 432 5375 cui
444 5325 492 5374 lino
504 5323 568 5373 diros
580 5330 604 5372 et
619 5320 690 5370 hamo

975 949 1030 986 ossa
1040 950 1098 986 vero
1108 935 1195 998 frigido
1204 937 1351 999 perluuntur
1362 937 1387 986 iu
1396 937 1491 998 littore,

945 1023 1060 1073 eoerbum
1074 1022 1243 1073 Aristomache
1251 1023 1345 1086 parenti
1354 1023 1460 1086 malum,
1470 1023 1514 1086 qui
1522 1025 1548 1074 te
1557 1023 1662 1074 avehens

975 1110 1007 1160 ad
1020 1111 1130 1174 nuptias,
1142 1110 1498 1175 nequenuptamduxitneque
1506 1113 1635 1162 mortuam.

1012 1231 1016 1244 '
1117 1256 1168 1302 zoa.
1186 1251 1321 1300 ruuortts
1336 1251 1552 1300 unumunurm.

945 1393 1109 1456 Halcyonibus
1116 1432 1122 1455 ‚
1129 1407 1145 1441 o
1153 1395 1248 1454 Lenaee,
1259 1405 1365 1442 curre-es
1375 1393 1456 1442 forsan
1464 1408 1471 1451 τ
1478 1394 1574 1442 mutum
1581 1405 1639 1442 rero
1646 1397 1720 1442 mater

976 1482 1122 1530 lamentatur
1133 1493 1206 1543 super
1221 1479 1308 1543 frigido
1322 1479 1414 1529 dellens
1428 1483 1454 1529 te
1468 1480 1573 1529 tumulo.

1158 1625 1210 1671 293.
1229 1622 1346 1670 tstbottl
1364 1621 1513 1670 AEGEATAE.

946 1759 998 1807 Non
1010 1759 1117 1822 procella
1126 1756 1314 1820 Nicophemum,
1323 1773 1372 1807 non
1381 1760 1504 1808 astrorum
1517 1771 1619 1808 occasus

945 1846 1020 1896 maris
1033 1846 1116 1909 Libyci
1128 1845 1243 1895 lluctibus
1256 1845 1349 1906 obmit3

946 1934 1027 1984 sedin
1041 1933 1229 1996 tranquillitate,
1244 1933 1291 1984 beu
1304 1935 1391 1983 miser!
1405 1934 1594 1984 ventis-carente

947 2017 1097 2084 navigatione
1106 2022 1216 2082 rinctus,
1232 2023 1409 2071 comestus-est
1423 2021 1471 2070 siti.

946 2113 976 2160 Et
988 2109 1035 2158 hoc
1046 2113 1173 2160 ventorum
1186 2123 1257 2172 opus.
1265 2109 1344 2158 Proh!
1357 2112 1477 2172 quantum
1491 2110 1583 2158 malum

946 2201 1006 2248 suot
1020 2197 1100 2247 nautis
1114 2210 1159 2246 seu
1169 2197 1289 2260 spirantes
1304 2210 1349 2248 seu
1361 2199 1485 2247 tacentes!

1168 2340 1221 2387 294.
1235 2338 1344 2387 TULLII
1361 2338 1501 2386 LAUREAE.

904 2545 906 2550 Δ
948 2481 1073 2541 Gryneum
1084 2478 1257 2542 grandevum,
1272 2479 1340 2528 illum
1351 2479 1508 2529 nari-attrita
1523 2477 1559 2530 de.
1567 2479 1654 2541 cymba

977 2565 1112 2628 virentem,
1125 2565 1204 2615 barnis
1216 2565 1367 2616 laborantem
1376 2568 1401 2616 et
1411 2565 1520 2626 retibus,

948 2670 961 2705 a
974 2655 1075 2706 terribili
1089 2658 1230 2720 asperatum
1244 2657 1306 2706 b’oto
1328 2655 1445 2706 demersit
1458 2669 1540 2719 more,

978 2745 1096 2808 ejecitque
1110 2745 1135 2794 in
1150 2756 1294 2808 scruposum
1313 2757 1386 2793 mane
1401 2743 1478 2803 littus,

947 2845 1035 2882 marrus
1048 2832 1185 2895 depastum.
1201 2831 1262 2889 Quis
1274 2845 1323 2880 non
1337 2831 1444 2880 mentem
1454 2829 1562 2894 piscibus
1571 2829 1636 2878 dicat

980 2933 1034 2970 esse
1043 2958 1049 2982 ,
1059 2920 1102 2982 qui
1113 2920 1191 2982 solas,
1200 2919 1290 2982 quibus
1303 2917 1410 2982 periere,
1420 2917 1597 2967 comederunt?

1134 3068 1187 3113 295.
1205 3063 1354 3112 LEONlDAE
1370 3061 1543 3111 Tibubulttt.

948 3203 1037 3254 Therin
1045 3203 1240 3267 oppidosenem,
1253 3199 1602 3264 bonamspraedamsgenttous
1611 3198 1641 3247 de
1650 3199 1728 3248 nassis

979 3291 1114 3351 virentem,
1129 3304 1212 3354 mergo
1223 3289 1434 3354 magis-etsaepius
1449 3288 1588 3347 natantem,

947 3379 1236 3443 piscibus-prsedatorem,
1249 3377 1517 3436 everriculo-utentem,
1536 3373 1725 3424 cateruas-sub-

978 3481 1025 3518 non
1038 3466 1328 3520 multisiustructiremis
1341 3467 1442 3515 πειτιαπτ
1454 3463 1551 3526 navigii,
1600 3461 1725 3524 leonton,

947 3557 1030 3605 tamen
1042 3568 1122 3617 neque
1135 3557 1254 3604 Arcturus
1264 3552 1384 3617 perdidit,
1394 3565 1473 3614 neque
1487 3548 1594 3613 procella

980 3656 1041 3692 eum
1053 3641 1150 3706 subegit
1160 3655 1212 3705 per
1226 3643 1264 3690 tot
1280 3639 1411 3696 decennio3
1597 3629 1599 3633 ’

949 3730 992 3780 sed
1003 3732 1163 3788 mortuusest
1177 3729 1202 3778 in
1215 3728 1313 3792 tugurio
1328 3727 1422 3789 scirpeo
1431 3762 1437 3785 ‚
1446 3725 1554 3774 luoernte
1566 3723 1650 3782 instar,

978 3818 1048 3882 longo
1061 3817 1195 3868 exstinctus
1203 3817 1229 3865 in
1237 3819 1347 3878 tempore
1360 3815 1510 3878 sponte-sua.
1621 3811 1727 3874 iconius,

951 3907 1136 3956 Monumentum
1154 3905 1237 3968 autem
1258 3903 1306 3952 boo
1319 3915 1368 3954 nou
1389 3899 1433 3951 tilii
1451 3898 1628 3963 eiposuernnt,
1650 3911 1729 3960 neque

981 4063 1072 4129 Cymbe
1083 4063 1155 4112 dohet
1169 4063 1242 4111 vitam
1253 4077 1302 4110 πυπ
1312 4061 1390 4110 miuus
1402 4059 1452 4125 ipsa
1460 4074 1547 4118 senex,

948 4147 1036 4196 Obruit
1052 4146 1115 4196 unda
1128 4145 1171 4194 sali
1183 4153 1302 4194 commota
1315 4142 1449 4193 iurantibus
1461 4141 1555 4190 Austris
1572 4157 1578 4190 ι

982 4234 1077 4278 Postera
1090 4227 1210 4276 littoribus
1222 4225 1326 4275 reddidit
1335 4234 1387 4274 orto
1401 4224 1466 4287 dies,

948 4311 1087 4376 Absumptis
1096 4309 1214 4358 manibus.
1227 4308 1304 4358 Pisces
1320 4307 1412 4355 ratione
1424 4305 1476 4370 quis
1488 4305 1522 4353 uti

981 4397 1035 4443 Jem
1046 4375 1134 4456 neget?
1148 4389 1194 4439 hoc
1207 4390 1295 4448 solum,
1307 4404 1355 4453 quo
1369 4387 1474 4452 periere,
1486 4395 1579 4435 vorant.

1162 4523 1219 4586 πρό.
1244 4539 1353 4570 momnis
1369 4537 1511 4569 πιπτιιτιπι.

950 4649 994 4698 lile
1009 4665 1081 4698 senex
1097 4647 1197 4709 Theris,
1212 4647 1290 4696 lulicis
1301 4647 1343 4712 qui
1360 4645 1443 4712 sepius
1455 4645 1511 4710 ipsis

982 4732 1072 4794 Novit,
1082 4731 1113 4780 ab
1126 4746 1237 4796 aequoreo
1254 4729 1292 4780 cui
1306 4744 1374 4793 grege
1390 4729 1463 4777 rictus
1482 4735 1546 4786 erat;

949 4821 1092 4881 Perreptans
1104 4831 1175 4878 cara,
1189 4814 1268 4880 praedo
1284 4812 1356 4862 maris
1371 4811 1476 4875 felixque
1485 4808 1579 4872 segeni,

951 4883 955 4890 ¹
983 4898 1112 4948 Unicus'iu
1124 4897 1209 4947 misera
1226 4896 1264 4945 eui
1281 4903 1333 4946 rate
1343 4895 1444 4944 scalmos
1453 4901 1514 4941 erat.

955 4983 1010 5030 Nou
1027 4991 1106 5029 tamen
1123 4983 1229 5029 Arcturo
1241 4978 1329 5038 dehet,
1346 4991 1423 5040 neque
1435 4972 1542 5022 tristibus
1555 4971 1654 5030 austris,

984 5065 1055 5126 Quod
1067 5048 1142 5112 total)
1157 5077 1274 5112 annorum
1286 5059 1392 5110 cursibus
1404 5056 1533 5105 exciderat.

951 5145 1063 5210 Pauperis
1073 5143 1185 5194 occubuit
1201 5143 1279 5208 tuguri
1293 5141 1338 5190 suh
1356 5138 1474 5198 eulmine,
1488 5135 1563 5200 qualis
1662 5167 1667 5179 .

974 5223 1039 5291 'igue
1056 5227 1179 5291 absumpta
1194 5241 1236 5274 suo
1250 5233 1334 5290 sponte
1348 5223 1445 5270 lucerua
1457 5218 1528 5284 perit.

953 5317 1005 5363 Nou
1024 5313 1085 5368 stati,
1102 5325 1149 5359 non
1163 5325 1222 5358 ιιτυτ
1236 5308 1256 5356 ei
1270 5321 1369 5372 posuere
1382 5301 1551 5368 sepulchrum,
