4018 5938
592 1025 851 1133 Not'ltta
888 1025 1131 1132 CODlClS
1170 1025 1487 1132 PALATINI.

958 1267 1120 1293 -QQO—
1127 1307 1129 1314 Ι

308 1519 425 1592 Codex
444 1520 481 1589 in
494 1523 536 1604 -40
551 1542 855 1610 membranaceus,
876 1519 1015 1616 paginis
1035 1521 1229 1590 numeratis
1256 1520 1328 1606 614
1347 1535 1573 1617 quatuorque
1594 1520 1685 1592 loliis
1704 1547 1818 1593 mern-

259 1643 445 1715 branaceis
477 1643 628 1740 praefixis
650 1657 835 1730 constane,
854 1630 896 1712 in¹
914 1641 1083 1738 Catalogo
1103 1647 1215 1714 Roma
1241 1645 1348 1713 misso
1379 1669 1415 1714 u.
1441 1643 1524 1740 293.
1544 1645 1708 1716 interiori
1728 1649 1819 1742 parti

144 1812 149 1822 ·
259 1766 421 1864 operculi
441 1765 656 1862 agglutinata
685 1779 737 1836 est
764 1765 949 1862 inscriptio
966 1767 1026 1837 aeri
1040 1767 1163 1856 incisa,
1178 1766 1409 1861 hujusmodi:
1431 1770 1516 1836 Sum
1537 1767 1581 1836 de
1599 1767 1816 1854 bibliotheca,

260 1915 360 1987 quum
381 1889 608 1984 Heidelberga
627 1903 729 1985 copta
747 1889 894 1984 spolium
912 1889 1009 1978 feeit,
1027 1905 1060 1958 et
1083 1894 1127 1960 P.
1148 1895 1202 1961 M.
1225 1895 1391 1985 Gregorio
1420 1895 1489 1960 XV
1513 1891 1702 1987 troplzoeum
1727 1900 1819 1962 misit

261 2015 539 2098 Mummilionus,
567 2014 742 2108 utrimque
766 2017 921 2081 Bovario?
942 2012 1019 2082 dua
1042 2026 1106 2084 etc.
1138 2016 1176 2083 S.
1209 2018 1250 2084 B.
1270 2019 1299 2083 I.
1324 2013 1572 2111 Arrlzidapr'fcr
1595 2031 1627 2084 et
1655 2019 1821 2111 Princeps

163 2159 172 2180 r
261 2138 413 2206 Elector.
427 2141 631 2232 Sequuntur
646 2135 797 2204 Bavariae
814 2159 910 2204 ariao
929 2149 970 2205 ut
982 2133 1126 2225 dicunt,
1142 2135 1179 2206 id
1199 2151 1250 2206 est
1268 2137 1416 2230 insignia
1432 2138 1468 2206 in
1488 2151 1608 2226 scuto,
1627 2162 1709 2208 cum
1728 2153 1818 2208 tem-

258 2259 356 2355 poris
373 2272 457 2327 nota
475 2285 483 2326 :
500 2262 600 2326 Auno
620 2257 746 2326 Christi
761 2263 813 2328 M.
831 2259 920 2328 IOC.
937 2261 1063 2326 XXIII
1075 2285 1085 2328 :
1101 2257 1267 2329 videlicet
1283 2284 1324 2328 ex
1338 2258 1406 2328 illis
1420 2257 1644 2330 Bibliothecae
1657 2259 1821 2331 Palatinae

260 2379 446 2450 codicibus
458 2394 510 2450 est
520 2379 579 2450 hic
590 2395 723 2469 noster,
735 2405 826 2477 quos
836 2383 1200 2476 GregoriusXVpapa
1210 2378 1556 2452 silrialllaximiliano
1567 2385 1719 2454 Bavariae
1729 2384 1821 2455 duce

259 2503 357 2572 dono
384 2502 504 2591 datos,
525 2501 662 2572 nobiles
684 2502 959 2597 Heidellrergicae
981 2503 1137 2572 victorie
1159 2499 1343 2570 manubias
1373 2504 1531 2599 accepit,
1555 2504 1693 2601 aliquot
1717 2509 1820 2576 annis

260 2640 452 2720 antequam
471 2625 630 2696 Urbanus
646 2628 706 2695 Vll
722 2626 872 2696 eandem
896 2623 1155 2696 bibliothecam
1181 2622 1377 2693 Palatinam
1395 2649 1460 2721 per
1480 2631 1634 2697 Leonem
1652 2628 1818 2699 Allatium

261 2749 333 2818 lere
357 2749 530 2842 integram
552 2752 702 2819 Romam
727 2749 869 2820 advexit
890 2776 897 2818 :
922 2749 1046 2823 confer
1067 2749 1246 2817 tssernani
1271 2747 1514 2844 praelationem
1537 2751 1735 2844 generalem
1758 2757 1820 2823 Ca-

260 2871 368 2966 talog.
387 2871 551 2942 Bibliotlr.
567 2876 597 2942 V
599 2873 727 2942 atican.
745 2887 833 2943 tom.
848 2877 873 2960 l,
890 2897 970 2968 pag.
985 2875 1095 2941 XXIII
1101 2926 1108 2940 .
1122 2870 1272 2940 Inferius
1284 2870 1420 2943 calamo
1434 2872 1653 2970 adscriptum
1664 2875 1795 2971 legitur
1808 2905 1816 2946 :

263 3000 306 3063 In
319 3019 400 3063 novo
413 2994 529 3064 Indice
548 2996 660 3066 Palm.
679 2999 812 3082 XXIII,
831 2997 911 3064 olim
929 2995 987 3066 33.
1006 2994 1123 3068 Codex
1143 3019 1229 3064 vero
1244 3011 1364 3066 noster
1378 3011 1429 3066 est
1443 2994 1622 3070 Palatinus
1634 2998 1692 3069 ille
1709 2999 1816 3070 nobi·

262 3117 431 3204 lissimus,
448 3115 700 3212 Antlrologiam
717 3117 937 3188 Constantini
952 3117 1114 3214 Ceplralte
1133 3120 1336 3207 continens,
1360 3121 1461 3215 cujus
1475 3121 1607 3192 codicis
1621 3122 1818 3195 bonitatem

262 3255 368 3337 atque
391 3254 600 3310 vetustatem
625 3240 706 3310 loco
732 3265 797 3310 suo
822 3240 952 3311 eruditi
975 3241 1159 3338 perplures
1185 3243 1522 3330 innumerabilibus,
1545 3260 1584 3315 ut
1612 3246 1660 3316 ita
1680 3246 1818 3338 dicam,

261 3363 401 3460 scriptis
421 3361 691 3433 celebraverunt
708 3391 715 3432 :
732 3363 887 3435 eundem
906 3365 961 3434 vir
980 3365 1098 3459 magni
1119 3365 1274 3434 nominis
1293 3363 1459 3435 Clrardon
1480 3365 1525 3435 de
1541 3363 1573 3434 la
1590 3366 1780 3455 Roclrette,
1799 3391 1820 3435 a

261 3489 377 3584 capite
398 3487 445 3558 ad
468 3486 601 3558 calcem
625 3486 860 3582 descriptum,
888 3502 1130 3584 perpetuaque
1156 3487 1389 3558 annotatione
1407 3489 1621 3558 instructum
1641 3489 1678 3558 iu
1698 3490 1820 3559 animo

261 3612 372 3682 habet
390 3626 429 3683 ut
447 3613 485 3681 in
504 3610 620 3680 lucem
635 3610 731 3699 edat3
746 3610 818 3681 vid.
833 3609 999 3681 Analecta
1013 3611 1140 3684 Critioa
1155 3614 1258 3679 Imm.
1274 3614 1318 3679 G.
1335 3608 1501 3678 Huschke
1512 3609 1618 3703 (Jeme
1631 3623 1666 3678 et
1679 3610 1816 3706 Lipsiae.

267 3737 369 3804 1800.
386 3733 440 3829 8⁰)
454 3733 588 3830 praelat.
603 3757 684 3829 pag.
696 3737 758 3802 Xll
764 3738 789 3802 1.
803 3731 1058 3823 Quamobrem,
1070 3757 1289 3836 quamquam
1304 3731 1404 3801 lacile
1419 3732 1562 3802 credam
1576 3732 1674 3802 lmnc
1687 3731 1819 3803 librum

261 3859 354 3927 inter
367 3858 555 3926 Vaticanos
571 3856 817 3952 pretiosiorem
836 3879 1032 3950 essequam
1047 3878 1261 3951 quemquam
1276 3855 1587 3950 pretiosissimum
1602 3854 1701 3951 quod
1721 3856 1817 3927 idem

261 3979 438 4049 Harlesius
454 3980 583 4048 sentire
597 3977 738 4048 videtur
758 3977 845 4048 Bibl.
864 3983 926 4052 Gr.
945 3977 1017 4049 vol.
1036 3983 1097 4061 tv,
1112 4000 1193 4074 pag.
1211 3975 1280 4063 432
1300 4004 1307 4045 :
1325 3992 1445 4046 tamen
1464 4002 1531 4073 pro
1550 4001 1613 4066 eo,
1631 3977 1730 4074 quod
1748 3979 1816 4049 do-

260 4101 438 4172 ctissimus
455 4102 510 4170 vir
523 4116 558 4171 et
577 4101 752 4196 majorum
770 4101 928 4195 gentium
943 4101 1106 4191 criticus,
1121 4102 1352 4191 Clrardonus,
1377 4102 1470 4173 hanc
1491 4103 1559 4174 sibi
1575 4105 1650 4201 jam
1673 4129 1820 4202 operam

263 4239 375 4296 totam
398 4223 608 4311 vindicavit,
639 4247 784 4321 pergam
809 4238 929 4295 tenere
955 4223 1053 4294 illam
1077 4227 1188 4319 viam,
1218 4253 1325 4324 quam
1353 4228 1489 4297 institui
1517 4255 1524 4298 :
1552 4243 1590 4298 ot
1613 4244 1819 4324 argumenta

262 4347 426 4443 quidem,
449 4347 647 4442 seriemque
664 4346 874 4443 paginarum
888 4347 1187 4444 partitionemque
1209 4347 1348 4420 Codicis
1370 4346 1558 4442 diligenter
1577 4346 1819 4444 perscribam,

263 4470 309 4540 de
326 4484 424 4540 textu
441 4493 525 4539 vero
539 4469 680 4566 (praeter
693 4495 735 4540 ea
758 4495 837 4567 quae
858 4472 896 4540 in
914 4472 1119 4542 continuata
1143 4471 1295 4543 lectione
1320 4471 1476 4566 enotavi)
1496 4472 1689 4565 generatim
1713 4485 1820 4567 atque

263 4595 426 4664 universe
439 4617 540 4688 agam
563 4621 570 4664 :
594 4617 675 4664 nam
696 4595 844 4664 minima
857 4619 1006 4692 quaeque
1019 4595 1183 4694 persequi
1198 4619 1270 4692 prae
1287 4607 1385 4663 tanta
1404 4589 1633 4661 multitudine
1654 4588 1822 4661 codicum

265 4717 383 4786 miuus
402 4716 591 4788 commode
605 4718 719 4813 potui.
736 4721 783 4787 Ac
798 4717 843 4787 de
861 4718 1007 4813 singulis
1029 4713 1340 4815 epigrammatibus
1364 4712 1554 4802 indicabo,
1570 4737 1642 4808 quo
1667 4709 1747 4780 loco
1766 4711 1822 4778 in-

264 4839 457 4908 veniuntur
470 4853 530 4908 aut
542 4839 578 4908 in
591 4839 676 4909 edit.
695 4839 916 4936 Anthologiae
936 4847 966 4913 V
967 4843 1090 4912 enetiis
1104 4839 1199 4938 apud
1213 4843 1353 4908 Petrum
1368 4853 1404 4908 et
1415 4841 1470 4906 ιΙο.
1486 4835 1633 4906 Mariam
1643 4832 1823 4904 Nicolinos

264 4959 467 5050 SabienseS,
492 4963 652 5058 impensa
678 4961 877 5034 Melclrioris
895 4967 1009 5054 Sessa,
1035 4960 1137 5035 1550.
1161 4963 1181 5032 8
1204 4961 1262 5058 (ἢ,
1280 4976 1357 5052 aut,
1378 4961 1406 5030 si
1426 4959 1483 5029 illa
1502 4957 1652 5048 desunt,
1669 4957 1706 5026 in
1734 4956 1820 5033 edit.

303 5173 337 5241 (Ἴ
354 5175 393 5226 De
408 5192 460 5245 qua
475 5171 533 5227 vide
545 5173 611 5228 Bibl.
631 5176 678 5230 Gr.
694 5176 765 5231 Harl.
785 5176 836 5230 vol.
848 5177 897 5244 IV,
915 5180 1020 5249 pitin.
1060 5179 1096 5230 Ea
1107 5187 1192 5230 autem
1208 5175 1272 5230 edit.
1292 5193 1350 5229 sum
1364 5191 1439 5241 usus,
1455 5172 1517 5244 quia
1529 5173 1556 5224 in
1572 5173 1627 5242 ipso
1639 5169 1707 5226 Cod.
1720 5169 1775 5242 jam
1789 5171 1823 5223 ad
