3916 5930
250 365 307 424 300

330 501 395 551 113.
419 493 613 564 ΔΙΟΤΙΜΟΥ,
637 494 658 550 οἱ
682 489 709 549 δὲ
729 491 930 553 ΛΕΩΝΙΔΟΥ.

250 633 403 708 Λύτόμαται
417 634 487 710 δείλῃ
501 635 561 692 ποτὶ
575 633 678 692 ταῦλιον
693 637 720 692 αἱ
739 634 796 713 βόες
809 627 885 708 ἦλθον

289 721 314 787 ἐξ
324 721 407 797 όρεος,
420 723 503 801 πολλῇ
515 721 649 800 νιφόμεναι
659 721 738 802 χιόνι·

250 811 318 878 αἶαῐ,
331 807 486 886 Θηρίμαχος
498 807 525 866 δέ
538 810 610 886 παρὰ
626 803 682 888 δρυῒ
695 810 738 868 τδν
751 810 849 888 μακρδν
865 810 931 870 εὕδει

290 894 382 953 ὕπνον·
399 895 522 972 ἐκοιμήθη
537 895 559 952 δ’
574 899 602 954 ἐκ
617 898 696 974 πυρὸς
711 897 840 972 οὐρανίου.

503 1047 567 1096 tra.
592 1038 768 1098 ΕΡΥΚΙΟΥ.

249 1172 345 1233 Οὐκέτι
358 1175 485 1252 συρίγγων
499 1175 587 1250 νόμιον
602 1175 678 1250 μελος
691 1175 783 1253 ἀγχόθι
796 1176 891 1240 ταύτας

288 1263 387 1340 δρμόζη
403 1266 519 1341 βλωθρᾶς
529 1305 538 1332 ,
549 1261 707 1340 Θηρίμαχε,
718 1263 861 1321 πλατάνου·

249 1351 306 1408 οὐδέ
321 1373 365 1409 σευ
379 1353 409 1408 ἐκ
421 1351 548 1425 καλάμων
562 1351 654 1426 κεροιαλ
671 1352 727 1428 βόες
739 1349 788 1408 ἁδὺ
804 1349 921 1424 μίλιομα

290 1437 420 1513 δέξονται,
431 1447 522 1517 σκιεράι
534 1428 587 1518 πάρ
603 1433 660 1517 δρυῒ
671 1439 832 1514 κεκλιμένου.

248 1522 348 1584 Ὠλεσε
365 1525 416 1605 γάρ
431 1525 551 1604 πρηστήρ
566 1549 595 1582 σε
609 1527 755 1604 κεραύνιος·
768 1529 795 1584 αἱ
810 1525 832 1582 δ’
847 1526 888 1583 ἀπὶ
904 1525 1019 1603 μάνδραν

288 1615 334 1692 ἀψὲ
351 1615 407 1692 βόες
417 1618 510 1693 νιφετῷ
524 1611 701 1691 σπερχόμενοι
713 1611 838 1672 κατέόαν.
956 1629 960 1634 ·

481 1765 545 1814 115.
568 1755 790 1814 ΑΝΤΙΦΙΛΟΥ.

209 1942 212 1948 .
251 1895 331 1954 Οὔτοι
348 1893 413 1951 πᾶσ’
433 1891 569 1962 ἀπολωλε,
585 1889 715 1968 γεωπόνε,
730 1892 813 1968 βῶλος
828 1889 962 1970 ἀρότροις,

289 1980 341 2054 ἤδη
356 1980 400 2038 καί
413 1979 529 2056 τύμόους
542 1981 719 2039 νιοτοόατοῦσι
731 1979 803 2058 βόες,

250 2071 302 2140 ἡδ’
313 2067 366 2133 διες
384 2071 410 2127 ἐν
426 2067 555 2126 νεκύεσσι.
599 2067 635 2127 Τί
650 2089 690 2124 τοι
706 2067 799 2140 πλέους
818 2065 836 2137 ἢ
852 2067 932 2134 πόσος
949 2060 1040 2132 οὗτος·

289 2147 385 2235 πυρός’,
402 2155 429 2213 δν
444 2157 473 2214 lx
490 2154 599 2234 τέφρης,
615 2158 661 2214 κοῦ
672 2154 760 2233 χθονός
771 2155 923 2234 ἁρπάσετες

251 2245 309 2303 Οὔκ
321 2245 371 2303 αἰεὶ
387 2243 509 2315 ζήσεσθε,
523 2243 568 2302 καλ
583 2241 663 2318 ὑμέας
673 2243 750 2308 ἄλλος
762 2243 874 2320 ἀρόισει,

289 2334 359 2405 ποίης
371 2332 527 2412 ἀρξαμένους
541 2341 607 2390 πᾶσι
621 2331 808 2410 κακοσπορέης.

508 2477 567 2526 176.
588 2479 646 2523 ΤΟΥ
665 2479 768 2522 ΑΥΤΟΥ.

252 2606 312 2682 ΟὐγΙ
326 2605 365 2663 ότι
378 2627 410 2678 με
422 2602 543 2682 φθίμενον
556 2603 632 2671 κῆδος
644 2602 736 2671 λίπεν,
751 2600 838 2658 ι’νθοίδε
856 2603 943 2674 κεῖμαι

292 2690 388 2770 γυμνὸς
401 2689 466 2768 ὑπὲρ
477 2690 554 2766 γαίης
564 2689 718 2768 πυροφόροιο
729 2689 815 2752 νέκυς·

251 2777 381 2858 ταρχόθην
398 2776 448 2855 γάρ
463 2775 514 2854 ἐγὼ
527 2776 556 2834 τὸ
569 2775 627 2854 πρίν
640 2799 718 2846 ποτε,
731 2781 774 2832 ν’ῦν
787 2777 809 2832 δ’
822 2780 944 2854 ἀροτῆρος

290 2866 365 2944 χερσί
377 2863 493 2942 σιδηρείη
506 2863 533 2938 μ’
544 2861 685 2931 ἔξεκόλισεν
699 2861 761 2926 θοις.

251 2944 291 3013 Ἦ
305 2959 338 3032 ῥα
349 2955 436 3010 κακῶν
449 2950 557 3010 θάνατόν
570 2975 607 3016 τις
618 2951 670 3028 ἐρεῖ
680 2951 768 3022 λόσιν,
779 2952 970 3028 θππότίἕμεῑο,

293 3041 374 3112 ξεῖνε,
390 3040 464 3097 πόλει
476 3038 579 3097 παθέων
593 3037 704 3097 ὕστατον
720 3038 777 3096 οὐδὲ
790 3037 884 3118 τοίρος;

483 3191 547 3272 ιιι.
569 3179 795 3238 ΣΙΜΩΝΙΔΟΥ.

254 3325 334 3397 >ispo
348 3323 406 3380 πόδε
421 3319 547 3400 Σπένθηρι
558 3321 646 3400 πατὴρ
661 3321 768 3392 ἐπέθηκε
782 3319 895 3380 θανόντι.

322 3473 388 3524 trs.
412 3462 663 3524 ΔΙΟΣΚΟΡΙΔΟΥ
684 3461 956 3522 ΝΙΚΟΠΟΛΙΤΟΥ.

251 3601 334 3669 Λυδὸς
346 3601 413 3680 ἐγὼ,
428 3602 471 3660 uui
485 3601 583 3672 Λυδὸς,
595 3599 729 3680 ἐλευθερίῳ
743 3599 770 3657 δέ
784 3623 817 3676 με
834 3598 942 3678 τόμθῳ,

291 3691 419 3761 δέσποτα,
434 3690 556 3767 Τιμάνθη
570 3689 614 3748 τόν
628 3689 671 3747 σδν
685 3687 745 3762 ἔθευ
755 3687 862 3767 τροφέα.

443 3964 497 4022 ¹73·
516 3977 631 4022 οιστιιιις
647 3959 689 4008 alit
703 3976 828 4019 uterina,

533 4069 562 4118 de
576 4069 735 4119 Therimaciio.

252 4235 288 4282 Ad
300 4233 431 4296 stabulum,
442 4233 482 4282 sed
493 4241 577 4298 sponte
588 4249 643 4294 sua,
653 4233 683 4281 de
691 4241 772 4281 monte
783 4231 892 4280 redibant

285 4317 391 4366 Hiberno
403 4317 483 4380 gelide
494 4316 523 4365 de
535 4315 595 4364 nivis
605 4315 682 4365 imbre
690 4314 772 4365 hoves.

252 4400 317 4448 Eheu
329 4399 499 4449 Therimathus
508 4399 553 4448 sub
564 4415 653 4465 quercu
665 4407 735 4448 nocte
747 4397 845 4462 quiescit

285 4486 414 4546 Perpetua,
426 4497 493 4530 sacro
505 4489 580 4530 hctus
590 4480 621 4530 ab
634 4480 686 4544 igne
698 4479 772 4529 iouh.

554 4642 607 4694 ¹7⁴·
626 4649 722 4689 sarcir,

570 4743 600 4790 de
611 4740 700 4790 eodem.

251 4896 304 4940 Nou
317 4889 414 4955 posthae
423 4889 529 4939 silvestre
538 4893 607 4938 canet
617 4885 663 4935 tibi
673 4884 764 4945 fistula,
775 4884 824 4932 suso

283 4975 358 5038 Hujus
369 4973 413 5023 sub
425 4971 514 5039 platani
528 4966 801 5036 tegmineTherimacho.

249 5063 300 5108 Nee
311 5067 350 5106 tua
359 5055 498 5106 muieabunt
509 5069 609 5120 quereus
618 5052 662 5102 sub
672 5049 858 5115 irondejaoeutis

280 5138 393 5189 (ὶυιιιιίιιο
404 5136 535 5202 cornigeras
545 5150 646 5202 corpora
660 5133 717 5183 fessa
729 5131 808 5181 hores.

800 361 1052 424 ANTHOLOGIAE
1075 359 1273 421 PALATINAE

1231 502 1282 548 173.
1299 498 1442 556 mositii,
1458 495 1496 547 vel
1512 497 1663 545 LEONIDAE.

1061 629 1208 691 Sponte-sua
1222 640 1322 692 vespere
1333 626 1365 676 ad
1378 625 1501 677 stabulum
1516 627 1591 677 bores
1606 626 1729 678 redierunt

1092 718 1211 777 emente,
1220 715 1299 764 multa
1307 727 1443 778 conspersae
1452 715 1527 764 nive:

1062 803 1125 863 heu,
1140 803 1202 853 heui
1213 801 1387 852 Therimachus
1400 805 1481 852 autem
1488 803 1558 864 juxta
1567 815 1686 864 quercum
1698 803 1790 865 longum
1799 803 1823 851 ii·

1093 905 1216 951 somnnm,
1227 891 1429 952 sopitusque-eret
1437 889 1468 939 ab
1480 889 1533 952 igne
1542 890 1641 939 coeiesti.
1676 890 1734 952 [tum
1746 889 1824 940 dormit

1354 1025 1405 1080 171.
1423 1031 1542 1078 ERYGH.

1063 1171 1227 1234 Nonampiius
1237 1171 1373 1220 fistularum
1384 1169 1505 1233 pastorale
1517 1169 1593 1218 melos
1604 1167 1676 1229 juxta
1692 1167 1752 1218 hauc

1093 1257 1224 1308 modularis
1234 1257 1338 1319 selsam,
1353 1255 1527 1316 Therimache,
1543 1256 1682 1319 platannm3

1063 1350 1143 1408 nsque
1161 1345 1211 1396 tuis
1225 1359 1238 1394 e
1252 1343 1351 1394 mamis
1366 1346 1476 1393 comutae
1489 1342 1565 1392 hoves
1577 1341 1675 1392 dnioem
1689 1345 1782 1394 cautum

1095 1430 1224 1493 accipient,
1237 1441 1338 1491 operam
1352 1439 1426 1490 prope
1435 1439 1553 1489 quercum
1561 1427 1686 1476 reclinati:

1063 1518 1245 1583 penlidit·enim
1254 1516 1328 1566 turbo
1342 1518 1367 1566 te
1385 1515 1531 1575 iuimineus;
1542 1519 1567 1564 et
1580 1515 1612 1564 ad
1628 1516 1751 1566 stabulum

1096 1620 1150 1657 sero
1160 1607 1235 1655 boves
1244 1604 1361 1668 pres-nive
1373 1603 1513 1653 testhmntos
1526 1603 1658 1654 redierunt.

1334 1749 1385 1793 175.
1403 1745 1570 1793 autiernus.

1065 1887 1133 1934 itane
1149 1881 1226 1930 omnis
1240 1881 1322 1944 periit,
1339 1893 1354 1928 ο
1371 1879 1490 1942 moola,
1503 1879 1572 1941 gieba
1588 1881 1690 1930 aratris?

1096 1972 1151 2020 Jam
1167 1971 1192 2018 et
1203 1967 1355 2018 tumulorum
1370 1965 1575 2015 dorso-insultant
1589 1965 1680 2026 boves,

1066 2057 1144 2108 vomis
1152 2069 1211 2106 vero
1219 2055 1244 2103 in
1258 2053 1368 2103 mortuis.
1380 2051 1446 2110 Quid
1454 2052 1509 2102 inde
1519 2053 1596 2102 tucri?
1607 2056 1652 2103 aut
1660 2057 1775 2116 quantum
1786 2055 1828 2102 hoc

1100 2145 1249 2194 trumentum
1265 2140 1356 2204 quode
1372 2139 1452 2190 cinere
1469 2143 1494 2190 et
1506 2139 1675 2190 noneteiiuro
1685 2141 1793 2204 rapietis?

1066 2238 1118 2284 Non
1130 2245 1226 2296 semper
1234 2231 1335 2290 viretis,
1344 2233 1369 2279 et
1381 2243 1426 2278 vos
1438 2229 1502 2278 alius
1514 2229 1605 2289 arabit,

1097 2323 1152 2372 talis
1161 2318 1413 2384 qui-auctores-mistis
1426 2319 1540 2367 omnibus
1549 2319 1793 2370 malssseminationis.

1338 2465 1388 2509 176.
1412 2469 1559 2512 EIUSDEM.
1627 2463 1629 2468 ¹

1067 2609 1117 2656 iton
1130 2605 1197 2668 quod
1209 2605 1269 2655 mihi
1282 2610 1379 2656 mortuo
1389 2604 1590 2670 justa-sepultura
1604 2603 1690 2664 detuit,
1704 2602 1809 2663 hiepaoso

1096 2693 1190 2742 nudum
1203 2707 1277 2755 super
1289 2697 1380 2744 terram
1396 2693 1537 2756 frugiferum
1551 2691 1672 2740 cadaver:

1066 2780 1178 2830 conditus
1187 2781 1251 2830 enim
1260 2795 1304 2844 ego
1314 2795 1368 2830 sum
1377 2781 1434 2830 oiim
1441 2779 1579 2842 aliquando,
1589 2791 1723 2828 nunonem
1732 2777 1828 2841 agricole

1096 2867 1208 2916 manibus
1215 2867 1306 2916 terreus
1313 2880 1352 2916 me
1359 2865 1705 2930 provolutumdetenitvomis.
1715 2866 1827 2928 tinearum,

1066 2955 1272 3018 Numquisigitur
1278 2955 1397 3004 maiorum
1403 2957 1505 3004 mortem
1512 2953 1578 3002 diest
1584 2951 1829 3014 solutionemquandu

1097 3042 1199 3105 hospes,
1208 3054 1373 3092 {erumnarum
1382 3042 1512 3091 novissima
1522 3043 1599 3090 estne
1608 3040 1718 3090 humidus
1726 3039 1827 3102 quidem?

1337 3185 1388 3232 177.
1409 3181 1572 3229 srmouiuls

1067 3321 1197 3369 Tumuium
1208 3320 1273 3368 huno
1287 3319 1409 3382 Spintheri
1422 3322 1490 3381 pater
1503 3319 1693 3381 superimposuit
1705 3321 1800 3366 mortuo.

1208 3467 1259 3514 178.
1278 3463 1475 3513 171Οὸ001111)ῐὸ
1492 3463 1701 3511 NiCOPOLiTAE.

1068 3601 1152 3664 Lydus
1164 3615 1221 3666 ego,
1231 3615 1282 3663 aas,
1295 3602 1390 3665 Lydus,
1404 3603 1508 3664 ingenuo
1526 3603 1609 3651 autem
1622 3615 1662 3650 me
1677 3600 1828 3664 iai-saputem.

1100 3688 1209 3750 domine,
1223 3687 1375 3739 Timanthem
1388 3691 1459 3738 tuum
1472 3688 1601 3738 condidisti
1614 3689 1753 3738 nutn'oium.

1068 3952 1105 3998 ‘iu
1118 3948 1180 3997 cadis
1191 3949 1243 4012 igne
1251 3947 1316 3997 Jovis
1326 3964 1332 3997 :
1343 3961 1396 3996 sero
1405 3945 1498 3994 rediere
1506 3946 1611 4010 juvenem

1101 4030 1138 4079 Ad
1149 4029 1254 4090 stabulo,
1264 4039 1289 4078 et
1300 4029 1373 4078 muita
1385 4026 1539 4093 permaduere
1548 4026 1611 4074 nire.

1349 4181 1403 4240 175.
1420 4195 1557 4227 aurinum,

1069 4339 1149 4400 Usque
1163 4333 1221 4382 adeo
1236 4333 1318 4392 tellus,
1331 4349 1345 4381 ο
1360 4333 1459 4394 mistice,
1472 4331 1528 4380 defit
1539 4331 1638 4385 aratris,

1101 4421 1134 4466 Ut
1142 4418 1191 4482 jam
1204 4415 1356 4481 proscindant
1367 4415 1416 4480 ipsa
1427 4412 1551 4480 sepulchra
1564 4413 1655 4462 bores?

1069 4499 1131 4562 Quid
1142 4500 1225 4562 jurat,
1235 4513 1286 4546 ossa
1297 4497 1384 4562 premis
1398 4496 1462 4558 quod
1473 4510 1583 4554 vomas,
1595 4493 1708 4558 quantula
1721 4508 1802 4557 γτεοο,

1101 4579 1145 4628 Dic
1154 4616 1162 4640 ‚
1172 4595 1220 4627 nou
1231 4577 1298 4641 gleba
1310 4577 1368 4633 tibi,
1378 4577 1418 4625 sed
1432 4576 1491 4626 cinis
1503 4575 1546 4624 iste
1559 4575 1647 4624 dabit?
1735 4567 1739 4578 '

1069 4667 1098 4712 Et
1108 4679 1149 4712 vos
1158 4678 1222 4710 mors
1231 4661 1349 4726 quondam
1364 4668 1461 4720 manet,
1473 4668 1497 4707 et
1508 4673 1548 4707 vos
1561 4655 1722 4716 alternabit,

1101 4749 1122 4794 Α
1135 4745 1220 4809 quibus
1232 4743 1320 4808 incepit
1331 4753 1379 4792 iam
1388 4742 1501 4790 scelerata
1513 4755 1586 4804 seges.

1338 4897 1392 4955 ιηθ.
1412 4909 1569 4942 ινιοισοιιιιυε.

1069 5043 1154 5104 Servus
1167 5055 1227 5099 sum,
1241 5039 1325 5098 isteor,
1338 5039 1378 5088 sed
1391 5047 1416 5087 tu
1425 5035 1547 5087 Timanthi
1556 5035 1671 5101 benignus
1725 5013 1728 5018 Ι

1101 5125 1203 5184 Ingenua
1212 5120 1281 5168 aitori
1294 5121 1334 5168 dus
1346 5127 1497 5168 monumenta
1509 5127 1560 5168 tuo.
