3916 5930
228 407 286 466 tta
777 401 1030 462 ANTHOLOGIAE
1052 400 1251 462 PALATINAE

344 546 390 595 2³.
411 534 657 594 sariuntur
682 533 874 594 ΣΙΔΩΝΙΟΥ.

1247 561 1285 607 23.
1302 557 1465 606 annuatur
1482 557 1606 606 stoonll.
1693 513 1699 538 i

224 687 325 746 Ouitioi
338 681 561 764 τετρακόρυμὸος,
580 681 732 760 Ἀντίκρεον,
749 681 817 761 ἀμφὶ
837 681 866 740 σέ
882 681 990 758 κισσὸς,
1041 700 1136 749 floreat
1144 696 1411 761 quaternis-corymbis,
1422 701 1560 755 Αιιιιοτεοιι,
1569 694 1661 743 circum
1673 693 1804 753 tetradem,

264 773 332 850 ἁὸροί
344 796 372 830 τε
386 771 519 847 λειμώνων
533 770 682 850 πορφυρέων
696 769 816 828 πέταλα·

153 883 155 891 ·
224 863 307 937 πηγαὶ
324 862 346 916 δ’
362 858 522 938 αἰργινόεντος
536 857 716 917 ἀναθλίθοιντυ
724 859 871 933 γάλακτος,

264 950 355 1013 εὐῶδες
370 947 393 1004 δ’
407 947 459 1004 ἀπὸ
470 946 577 1024 pic-'ibis
591 945 679 1023 χέοιτο
693 945 773 1021 μέθυ,

224 1034 290 1113 ὄφρα
303 1033 332 1091 κέ
345 1033 384 1091 τοὶ
398 1033 494 1104 σποδιή
508 1055 536 1091 τε
555 1031 600 1090 καὶ
613 1031 692 1090 ὀστέα
704 1029 793 1110 τέρψιν
809 1030 919 1109 ἄρηται,

263 1125 285 1180 εἰ
300 1123 330 1192 δή
345 1145 383 1188 τις
397 1119 527 1199 φθιμένοις
543 1116 703 1198 χρίμπτεται
718 1119 873 1197 εὐφροσύνα,

223 1197 244 1268 ιθ
259 1209 287 1268 τθ
301 1210 373 1290 φίλον
385 1207 507 1287 στέρξας,
522 1209 593 1288 φίλε,
609 1206 746 1285 βοίρὸιτον,
760 1197 782 1265 ὦ
798 1205 844 1264 citu
858 1207 934 1286 ἀοιδᾷ

261 1298 347 1358 πάντα
360 1295 508 1362 διαπλώσας
521 1297 566 1354 καὶ
581 1295 627 1353 σὺν
642 1295 719 1376 ἔρωτι
730 1295 795 1374 βίον.

460 1463 508 1513 tt.
537 1453 754 1512 ΣΙΜΩΝΙΔΟΥ.

222 1608 319 1688 ‘Hp-sepi
330 1609 537 1686 πανθέλκτειρα,
557 1604 715 1684 μεθυτρόφε,
731 1608 814 1685 μῆτερ
831 1605 951 1687 ὀπώρας,

215 1749 219 1766 ‚r
262 1696 366 1769 οὗληςῆ
381 1695 482 1754 σκολιὸν
496 1693 602 1773 πλέγμα
613 1693 685 1774 φύεις
698 1692 796 1764 ἕλικος,

222 1781 304 1853 Τηίου
318 1781 443 1854 disicere<
455 1780 642 1860 ’λνακριίοντος
652 1779 692 1838 ἐπ’
705 1781 773 1859 ἄκρῃ

262 1869 345 1948 στήλῃ
355 1869 400 1927 κιιλ
411 1871 498 1949 λεπτῷ
511 1867 616 1947 χώματι
626 1869 699 1925 τοῦδι
713 1869 812 1946 τάφου,

182 1972 195 2011 ⁵
222 1959 279 2025 θιςθ
292 1957 483 2038 φιλόκρητόςτε
496 1957 541 2015 καί
550 1955 686 2034 οἰνοθαρὴς
697 1945 854 2036 φιλοκόιμοις

262 2047 413 2126 παννυχίσιν
425 2044 523 2124 κρούων
538 2044 585 2115 τὴν
596 2043 738 2122 φιλόπαιδα
749 2043 828 2121 χέλυν
837 2086 858 2114 ,.

222 2139 269 2207 κήν
284 2135 358 2214 χθονὶ
373 2132 510 2204 πεπτηὼς,
524 2134 638 2212 κεφαλῆς
653 2131 776 2211 ἐφύπερθε
793 2129 896 2212 φέροιτο

213 2245 216 2256 ·
261 2223 357 2302 ἀγλαὸν
371 2223 473 2303 ὡραίων
486 2223 578 2301 βότρυν
592 2222 641 2278 ἀπ’
652 2221 817 2300 ἀκρεμόνων,

222 2309 267 2370 καί
282 2334 324 2388 μιν
339 2310 380 2368 ἀεὶ
393 2310 479 2387 τέγγοι
492 2307 583 2387 νοτερὴ
596 2305 700 2388 δρόσος,
710 2297 764 2378 {ed
775 2307 875 2385 γεραιὸς

171 2408 197 2448 10
261 2399 399 2477 λαρότερον
414 2399 540 2474 μαλακῶν
556 2395 644 2454 ἔπνεεν
663 2397 693 2453 ἐκ
705 2395 854 2472 στομάτων.

474 2560 518 2610 25.
541 2561 600 2606 ΤΟΥ
619 2560 727 2606 ΑΥΤΟΥ.

223 2689 306 2762 Obrue
320 2693 516 2773 Ἀνακρείοντα,
529 2692 573 2750 τὸν
592 2692 696 2772 ἄφθιτον
710 2691 795 2750 εἵνεκα
809 2689 936 2750 Μουσέων

263 2783 420 2859 θμνοπολον,
432 2779 535 2858 πέτρης
550 2779 647 2856 τθμθος
661 2778 749 2838 ἔδεκτο
763 2777 836 2850 Τέω,

224 2872 250 2940 θς
263 2871 385 2951 Χαρίτων
402 2868 521 2926 πνείοντα
537 2869 602 2942 μέλη
611 2913 619 2940 ,
628 2867 747 2924 πνείοντα
758 2867 781 2924 δ’
793 2865 915 2946 Ἐρώτων
927 2912 934 2937 ,

262 2959 305 3018 τόν
321 2957 416 3036 γλυκὺν
430 2959 454 3022 ές
466 2956 566 3015 παίδων
581 2955 670 3032 ἵμερον
684 2955 829 3033 ἡρμόσατο.

184 3063 197 3103 τ
224 3051 326 3108 Modum
340 3046 364 3104 δ’
376 3050 412 3104 εἰν
424 3043 555 3122 Ἀχέροντι
571 3041 725 3122 βαρύνεται,
746 3043 793 3120 οὐχ
806 3041 846 3100 δτι
859 3043 954 3100 λείπων

262 3135 362 3206 ἠελιον,
372 3133 460 3204 Λήθης
472 3131 556 3189 ἐνθάδ’
570 3131 662 3209 έκυρσε
676 3131 778 3206 δόμων·

161 3261 168 3294 ,
225 3223 283 3280 ἀλλ’
299 3221 339 3280 ότι
350 3222 394 3279 τὸν
406 3221 532 3300 χαρίεντα
545 3217 602 3294 μετ’
615 3221 726 3288 elidimur
740 3219 889 3296 Μεγιστία,

262 3310 307 3368 καί
320 3309 363 3368 τθν
379 3307 514 3385 Σμερδίεω
525 3309 620 3384 Θρῇκα
631 3304 736 3364 λέλοιπε
747 3306 835 3365 πόθον.

224 3399 334 3466 liuilni<
347 3397 368 3454 δ’
382 3399 410 3454 oti
420 3394 494 3472 λήγει
507 3393 691 3472 μελιτερπέος,
702 3393 760 3451 ἀλλ’
769 3391 805 3452 ίτ’
821 3397 916 3453 ἰκτῖνον

173 3496 199 3536 ¹⁰
264 3481 385 3564 βόρθιτον
396 3483 454 3542 otti
470 3480 552 3540 θανὼν
565 3479 670 3539 εὔνασεν
682 3485 719 3540 εἰν
733 3479 815 3560 Ἀίδῃ.

453 3705 493 3751 εδ.
512 3717 643 3749 intrarat
659 3716 766 3762 τιιιοιιιτ,

507 3825 536 3876 de
548 3832 708 3877 Anacreonte.

224 3953 322 4016 cingat,
338 3951 488 4011 Auanreion,
500 3953 647 4018 quadruplex
659 3961 699 4002 tua
712 3951 780 4001 busta
790 3951 930 4018 corymbus,

258 4039 287 4084 ltt
304 4050 355 4100 quse
369 4044 494 4084 vernantes
503 4051 609 4101 purpure
624 4035 693 4084 rectit
706 4051 782 4098 agros.

224 4117 338 4167 Fontibus
349 4127 443 4166 emanet
457 4119 521 4166 niuei
533 4117 596 4167 bona
605 4118 673 4183 copio
686 4118 766 4179 laetis,

256 4199 349 4248 Fundat
360 4199 451 4248 odorati
460 4199 544 4265 poesda
556 4208 620 4249 terra
634 4199 707 4258 meri,

224 4285 257 4331 Ut
269 4280 359 4330 cineres
370 4279 474 4330 habeant
487 4298 534 4346 quo
546 4275 705 4342 delectentur,
718 4289 743 4329 et
758 4295 809 4330 osse

257 4363 281 4412 Si
293 4362 350 4427 quid
362 4362 431 4411 dulce
440 4372 520 4412 tamen
533 4363 644 4412 Manibus
655 4378 705 4412 csse
716 4371 802 4428 potest.

225 4449 246 4493 0
260 4445 298 4493 eui
309 4460 363 4493 cara
375 4443 420 4493 iuit
431 4462 524 4511 semper
536 4447 603 4512 lyra,
616 4447 712 4510 vitaque
725 4461 817 4496 amores

258 4531 323 4575 luter
330 4535 354 4574 et
362 4537 456 4590 argutos
464 4527 580 4577 velificata
591 4527 688 4576 modos!

513 4659 553 4706 at..
573 4667 710 4710 ειιεοιιιοικ,

547 4758 576 4808 de
589 4756 677 4806 eodem.

225 4875 287 4920 leta
300 4868 360 4918 meri
372 4877 510 4932 materque
521 4867 609 4932 crispas
619 4865 724 4915 molliter
736 4881 793 4916 uvea

258 4953 347 5008 intexis
359 4951 429 5001 lentis
441 4951 507 5000 ebria
521 4948 676 5015 palmitibus,

226 5036 319 5086 Fronde
329 5043 369 5083 lua
380 5033 472 5082 veletur
481 5032 641 5081 Anacreionta
652 5031 761 5080 columna

259 5121 318 5181 Quin
329 5125 407 5172 notat,
419 5124 443 5164 et
452 5116 529 5164 tenuis
538 5131 584 5180 qua
598 5113 711 5180 sepelitur
721 5113 807 5161 humus
824 5127 831 5162 τ

228 5205 257 5250 Ut
270 5201 350 5250 sitiens
364 5199 411 5248 uiui
426 5208 638 5264 continessatorque
650 5213 693 5264 per
706 5213 800 5247 omnem

1072 791 1097 836 et
1110 789 1194 836 tenera
1204 787 1331 848 pratorum
1340 795 1517 846 purpureorum
1530 782 1600 840 sotim

1040 872 1120 921 lootm
1130 875 1215 920 autem
1225 868 1322 919 candidi
1336 869 1499 932 exprimantur
1507 869 1592 930 lactis,

1071 963 1096 1010 et
1110 959 1274 1010 benc-olensc
1284 961 1351 1008 terra
1363 957 1436 1007 dulce
1450 957 1567 1007 tundatur
1575 961 1709 1016 temetum,

1041 1049 1070 1096 ut
1084 1045 1128 1096 tibi
1141 1044 1223 1108 pultis
1237 1047 1263 1094 et
1274 1057 1331 1094 ossa
1342 1043 1502 1105 delectentur,

1071 1132 1202 1195 siquidem
1218 1132 1300 1194 aliqua
1318 1131 1441 1182 detunctis
1456 1131 1634 1194 appropinquat
1643 1130 1736 1191 tuton,

1040 1219 1159 1280 oamice,
1169 1219 1213 1283 apsi
1225 1220 1332 1270 amicum
1346 1213 1446 1268 fovebas
1457 1217 1580 1268 barbiton!
1595 1217 1662 1281 oqui
1671 1231 1728 1267 cum
1739 1223 1804 1268 cautu

1071 1324 1168 1360 omnem
1179 1310 1305 1360 enatasti
1316 1313 1342 1360 et
1352 1323 1411 1359 cnm
1421 1323 1504 1359 amore
1515 1309 1604 1359 vitam!

1316 1471 1354 1514 tt.
1372 1466 1537 1514 sinotum&
1645 1493 1646 1497 =

1041 1607 1105 1658 vttis
1122 1606 1338 1667 omnia-mulcens,
1353 1605 1591 1666 vini-nutrir,maler
1601 1603 1743 1664 vindemio,

1071 1698 1158 1761 crispo
1174 1709 1230 1759 quse
1245 1709 1348 1747 currum
1361 1695 1458 1758 plerum
1467 1707 1568 1758 generas
1576 1693 1715 1756 claviculae,

1041 1785 1093 1836 Teii
1102 1797 1197 1834 crescas
1211 1783 1368 1834 Anacreontis
1378 1784 1402 1832 in
1415 1796 1511 1832 summa

1071 1873 1184 1922 columna
1199 1874 1225 1922 et
1239 1885 1314 1935 parvo
1325 1871 1385 1920 colle
1398 1870 1471 1934 liujus
1483 1869 1602 1933 sepulcri,

1040 1963 1070 2011 nt
1082 1960 1272 2010 meri-amansct
1284 1959 1428 2022 vinograris
1436 1957 1662 2008 moomssabundis

1071 2047 1201 2112 pervigiliis
1210 2048 1310 2111 pulsans
1319 2045 1646 2110 juvenesamantemlyram,

1041 2136 1114 2186 etiam
1126 2135 1302 2198 humitenus,
1317 2147 1390 2197 super
1403 2134 1482 2197 capite
1495 2133 1617 2198 spo-leret

1071 2223 1211 2286 preclaram
1223 2235 1297 2271 uvam
1309 2221 1412 2271 maturis
1427 2221 1568 2278 aracemis3

1041 2313 1066 2361 ct
1078 2323 1174 2373 semper
1185 2309 1263 2372 tingat
1276 2309 1345 2358 illum
1364 2311 1418 2358 utut
1440 2321 1480 2357 ros
1493 2307 1637 2369 humidum,
1654 2320 1703 2369 quo
1715 2311 1808 2358 ventus

1072 2398 1185 2448 suarima
1196 2399 1280 2447 tenero
1296 2395 1403 2458 spirabat
1415 2409 1446 2445 ea
1460 2407 1510 2446 ore.

1318 2553 1357 2596 25.
1385 2555 1537 2596 esttenete.

1041 2700 1094 2748 lioc
1108 2699 1294 2758 anacreontem,
1303 2695 1464 2746 immortalem
1477 2691 1522 2760 pest
1533 2697 1619 2745 Musas

1071 2788 1181 2848 poetam,
1196 2785 1282 2848 patria
1290 2785 1430 2848 sepulcrum
1440 2785 1531 2848 recepit
1544 2785 1602 2846 Tei,

1041 2872 1084 2935 qui
1099 2872 1194 2922 Gratias
1208 2871 1323 2935 spirantia
1331 2871 1438 2921 carmina
1449 2875 1474 2922 et
1484 2872 1601 2936 spirantia
1613 2880 1724 2934 amores,

1071 2963 1095 3012 in
1106 2975 1183 3014 suave
1196 2977 1328 3026 puerorum
1342 2962 1489 3013 desiderium
1502 2963 1663 3014 condonarit.

1041 3053 1095 3100 Uno
1104 3052 1186 3100 autem
1199 3053 1313 3113 gravatur
1325 3051 1349 3100 in
1362 3051 1513 3111 Acheronte,
1524 3065 1573 3100 nou
1582 3050 1692 3114 ero-quod
1703 3051 1811 3114 linquens

1071 3139 1162 3198 solem,
1176 3137 1308 3188 oblivionis
1320 3138 1370 3187 illic
1381 3139 1485 3201 adeptos
1499 3141 1537 3188 est
1550 3138 1647 3200 domos,

1041 3226 1084 3277 sed
1102 3227 1168 3289 quod
1182 3227 1309 3276 amabilem
1325 3227 1388 3276 inter
1396 3228 1500 3290 juvenes
1513 3227 1672 3290 Meuianum,

1071 3317 1096 3364 et
1111 3313 1226 3364 smarrito
1239 3313 1384 3367 Thracicum
1404 3314 1502 3375 reliquit
1517 3327 1632 3367 amorem.

1040 3404 1146 3452 Canium
1159 3415 1218 3451 vero
1233 3415 1281 3452 non
1295 3401 1383 3452 desinit
1395 3402 1524 3464 mellitum,
1533 3416 1621 3464 neque·
1630 3401 1711 3452 adhuc
1723 3403 1782 3454 illud

1072 3490 1195 3550 barbiton,
1208 3503 1239 3540 ne
1251 3493 1364 3540 mortuus
1381 3490 1488 3552 quidem,
1502 3491 1592 3554 sopivit
1602 3491 1626 3540 in
1638 3494 1709 3542 Orco.

1072 3702 1174 3749 Noctem
1184 3699 1214 3748 de
1224 3700 1291 3765 pueri
1301 3699 1379 3765 pulset
1390 3715 1472 3748 amore
1481 3699 1578 3766 chelyn.

1040 3784 1111 3832 llt'unc
1122 3781 1241 3848 etiamque
1254 3791 1316 3846 tegat
1325 3781 1355 3831 de
1366 3781 1473 3848 pulchris
1482 3781 1542 3832 iacta
1552 3784 1650 3834 racemis

1073 3867 1101 3912 ln
1114 3872 1189 3912 terras
1200 3863 1259 3929 lapsi
1267 3849 1329 3912 ⁸leue
1341 3879 1430 3914 corona
1440 3874 1523 3930 caput.

1039 3948 1091 3996 Nec
1103 3945 1191 3994 Bromii
1205 3945 1236 3994 sit
1246 3945 1306 3994 roris
1317 3961 1402 4010 egeus,
1414 3963 1462 4012 quo
1474 3947 1566 3996 dulcius
1576 3947 1627 4014 ipso

1072 4025 1175 4093 Spirnrit
1187 4027 1265 4094 lepido
1278 4042 1373 4076 carmen
1388 4027 1420 4076 ab
1432 4043 1474 4078 ore
1485 4044 1567 4078 senex.

1334 4183 1374 4235 25.
1394 4199 1518 4276 μοιτιιι,

1361 4317 1391 4367 de
1400 4317 1490 4370 eodem.

1041 4449 1178 4511 victurum,
1197 4449 1254 4498 dum
1266 4449 1381 4511 mundus,
1393 4451 1553 4502 Anacreionta
1567 4455 1683 4504 &moene

1073 4531 1213 4581 Muneribus
1224 4533 1305 4582 condit
1320 4534 1398 4599 petria
1408 4541 1473 4584 terra
1481 4539 1541 4584 Teos
1553 4550 1560 4585 τ

1042 4615 1113 4680 Cujus
1126 4615 1290 4679 amoeoatjocos
1299 4615 1389 4681 spirant
1402 4625 1426 4666 et
1438 4626 1519 4666 nectar
1528 4633 1634 4667 amorum

1075 4697 1178 4747 Condita
1188 4697 1297 4747 formosis
1310 4699 1415 4748 carmina
1425 4700 1454 4748 de
1463 4700 1551 4765 pueris.

1043 4784 1112 4831 Nunc
1124 4779 1261 4831 Aclteroota
1274 4783 1339 4831 dolet
1350 4783 1413 4831 solus
1429 4783 1487 4840 sibi,
1503 4799 1552 4832 oon
1560 4783 1616 4850 quia
1626 4785 1691 4849 regni

1074 4871 1164 4933 Raptus
1175 4868 1205 4916 ad
1217 4867 1304 4918 interni
1316 4869 1398 4918 nubila
1409 4869 1459 4918 sole
1470 4877 1548 4924 caret,

1042 4949 1087 4997 Sed
1097 4949 1152 5013 quia
1166 4965 1231 4998 nunc
1242 4950 1358 5014 juvenum
1368 4950 1470 4999 delectat
1482 4951 1553 4998 corda
1565 4949 1693 5013 Megisteus

1076 5029 1170 5093 Dulcis,
1181 5039 1205 5079 et
1217 5030 1322 5080 incendit
1333 5032 1439 5082 Smerdia
1454 5030 1535 5079 Thrax
1550 5031 1617 5081 alios.

1043 5113 1116 5162 Nulla
1125 5121 1204 5162 tamen
1220 5123 1302 5162 cnutus
1311 5113 1399 5162 oblivia
1413 5129 1419 5162 ι
1434 5113 1540 5162 barbitos
1552 5113 1586 5162 illi

1079 5195 1166 5245 Blanda
1180 5212 1225 5244 neo
1236 5195 1261 5245 in
1275 5197 1336 5246 Ditis
1352 5197 1407 5247 sede
1422 5197 1507 5246 silente
1518 5197 1580 5247 silet.
