3960 5936
608 431 732 492 CAPUT
751 432 801 492 Vl.
824 431 1102 494 EPIGRAMMATA
1122 432 1387 494 DEDICATORIA.
1644 487 1651 496 .
1742 438 1799 498 tlt

241 563 354 641 πότνια,
368 563 412 622 καὶ
425 562 537 634 σπονδὴν
553 563 623 636 τόνδ’
638 565 838 645 θποπυθμίδεον.

1054 575 1202 636 reiteranda,
1217 579 1242 626 ot
1251 577 1389 628 libationem
1401 575 1463 627 benc
1477 577 1737 642 dolundo-guttorum.

189 651 253 712 *llo
264 651 294 710 δέ
306 651 341 730 μί
354 655 389 731 γ’,
399 655 434 719 ὡς
448 655 477 711 ἐκ
490 651 582 712 νούσου
595 653 737 733 άνειρύσω,
752 645 803 714 [its
812 653 857 714 καί
870 657 963 734 ἐχθρῆς
1023 663 1117 714 sivero
1129 679 1168 714 me
1180 665 1292 728 quidem,
1306 668 1335 715 ut
1346 679 1359 715 e
1370 666 1456 715 morbo
1468 666 1606 728 retraxisti,
1622 667 1656 716 sic
1668 673 1693 716 ot
1707 668 1803 718 mimica

241 745 271 801 ἐκ
285 739 374 812 πενίης
389 737 473 820 ρύση,
489 739 546 809 δέξο
558 741 759 822 χιμαιροθύτην.

411 912 477 960 301.
503 903 765 963 ΚΑΛΛΙΜΑΧΟΥ.

190 1039 257 1111 Τὴν
270 1039 347 1110 ἁλίην
364 1039 497 1116 Εὔδημος,
512 1040 552 1120 ἐφ’
561 1031 592 1112 ἧς
606 1041 657 1099 ἅλα
671 1040 741 1099 λιτὸν
757 1041 871 1100 ἑπέσθων

237 1131 368 1206 χειμῶνας
383 1127 511 1203 μεγάλους
526 1125 643 1206 ἐξέφυγεν
667 1129 778 1202 δονέων,

1054 767 1084 802 er
1092 755 1233 816 paupertate
1242 753 1364 815 libereris,
1374 757 1488 816 exspecta
1494 754 1799 834 sepeliam-mactaturum.

1275 901 1328 946 301.
1348 899 1546 947 centumuiri.

1022 1040 1130 1090 salinum
1140 1041 1279 1100 Eudemus,
1293 1042 1376 1105 inquo
1388 1045 1423 1093 sal
1433 1047 1506 1094 tenuo
1518 1046 1648 1095 cornedeus

1052 1128 1171 1192 procellas
1185 1143 1285 1191 magnas
1295 1131 1395 1181 evitavit
1404 1132 1552 1194 nens-elicui,

191 1219 261 1286 θῆκε
276 1220 341 1282 θεοῖς
355 1215 524 1293 Σαμόθρᾳξι,
536 1217 618 1294 λέγων
634 1215 674 1274 ότι
684 1217 779 1295 τήνδε,
795 1219 854 1275 κατ’
869 1217 957 1294 εὐχὴν,
1020 1215 1103 1278 posuit
1113 1215 1160 1266 diis
1173 1217 1384 1279 Samotbracibus,
1399 1219 1499 1270 dicens:
1515 1223 1653 1272 lianccedc
1666 1227 1736 1282 voto,

237 1293 259 1361 όν
272 1304 347 1375 λαοί,
364 1305 454 1370 σωθελς
468 1303 495 1372 ἐξ
510 1303 590 1381 ἇλδς,
610 1295 655 1363 ὧδ’
672 1304 754 1367 ἔθετο.

438 1473 506 1524 302.
529 1464 734 1523 ΛΕΩΝΙΔΟΥ.

1052 1305 1170 1369 opopnli,
1182 1311 1294 1358 serratus
1304 1321 1335 1358 ex
1350 1309 1400 1357 sale
1416 1309 1456 1357 bic
1467 1310 1557 1372 posuit.

1297 1453 1350 1498 302.
1369 1452 1521 1500 Leontem.

191 1599 310 1674 Φιύγεθ
327 1600 395 1659 ὑπὲκ
408 1600 543 1673 καλύὸης,
557 1600 656 1660 σκότιον
675 1602 751 1679 μύες·
770 1591 826 1662 όύτι
840 1605 951 1684 πενιχρλ
1020 1607 1141 1671 Suilbgits
1153 1621 1184 1657 er
1203 1621 1273 1668 casa,
1287 1607 1433 1658 tenebricosi
1446 1621 1547 1657 muros:
1568 1609 1686 1659 miserum
1700 1609 1800 1660 nrinirne
1884 1660 1887 1675 ,

238 1692 289 1764 μῦς
302 1687 383 1760 σιπύη
400 1687 503 1766 βόσκειν
518 1679 572 1748 οίδε
586 1689 733 1750 Λεωνίδεω,

192 1776 339 1855 Αὐτάρκης
349 1781 363 1833 ὁ
375 1776 489 1856 πρίσόυς
502 1775 571 1855 ἔχων
586 1777 750 1836 dissoluto
763 1785 875 1857 κρῖμνα·

237 1865 267 1922 ἐκ
280 1863 400 1943 πατέρων
416 1862 514 1935 ταύτην
533 1865 665 1944 ᾐνέσαμεν
685 1865 783 1940 βιοτήν.

189 1949 243 2033 Τῷ
257 1951 283 2010 τί
292 1952 457 2029 μεταλλεύεις
471 1959 561 2013 τοῦτον
572 1943 699 2034 proximi>
713 1956 855 2034 φιλόλιχνε,

235 2041 289 2098 οὔδ’
309 2041 502 2100 ἀποδειπνεδίου
516 2043 652 2120 γευόμενος
667 2041 815 2116 σκυύάλους

188 2127 315 2186 σπεύδων
330 2130 367 2194 εἰς
385 2129 479 2194 ἄλλους
493 2127 578 2196 οἴκους
588 2128 624 2188 idi
639 2129 728 2207 (τάμά
742 2132 770 2188 δί
782 2129 858 2209 λιτά)
872 2177 879 2207 ,

234 2207 273 2274 ὧν
290 2215 343 2276 άπο
352 2218 504 2297 πλειοτέρην
515 2217 598 2278 οἴσεαι
610 2218 754 2297 ἁρμαλιήν.
783 2229 787 2236 ’

424 2381 491 2446 3⁰³·
515 2375 746 2435 ΑΡΙΣΤΩΝΟΣ.
808 2433 816 2445 ,

1050 1694 1119 1745 norit
1131 1708 1216 1746 mures
1227 1707 1327 1759 pascere
1339 1696 1465 1759 panarium
1478 1695 1596 1746 Leonidae.

1020 1783 1208 1834 Contentus-est
1223 1791 1296 1832 senex
1315 1783 1495 1846 quandobebct
1507 1785 1582 1833 salem
1597 1787 1621 1834 et
1638 1784 1700 1836 duos
1717 1799 1800 1849 panes·

1050 1883 1065 1919 a
1078 1869 1187 1933 patribus
1199 1869 1262 1919 benc
1271 1869 1427 1934 probavimus
1438 1871 1522 1920 vitam.
1625 1871 1781 1934 [hordeaceos
1793 1895 1798 1920 ι

1020 1960 1071 2007 cur
1081 1957 1155 2021 igitur
1164 1957 1418 2022 todionsperrestigas
1430 1960 1479 2008 tale
1490 1973 1590 2020 curum,
1601 1973 1616 2008 c
1626 1960 1744 2022 tigurilor,

1050 2048 1197 2096 actas-omme
1205 2059 1236 2095 ne
1245 2049 1406 2110 purgamenta
1420 2045 1520 2110 quidem
1532 2050 1692 2110 gustaturus?

1018 2133 1132 2185 Festinus
1143 2134 1174 2184 ad
1183 2133 1242 2184 alias
1252 2134 1316 2184 rade
1329 2134 1416 2185 domos
1427 2136 1495 2198 (mea
1506 2135 1570 2185 enim
1582 2139 1640 2186 sunt
1651 2137 1733 2187 tenuia
1743 2138 1766 2200 ),

1050 2234 1079 2288 ex
1095 2220 1185 2284 quibus
1197 2220 1398 2270 abundantiorem
1409 2222 1507 2272 auteres
1517 2222 1618 2271 rictum.

1288 2391 1342 2436 30³.
1360 2389 1527 2437 ARISTONIS.

189 2500 233 2570 ’Ὦ
247 2511 324 2588 μύες,
338 2513 361 2570 εἶ
373 2510 420 2589 μίν
439 2516 481 2573 ἐπ’
496 2514 574 2596 άρτον
588 2513 740 2589 ἔληλύθαό,
753 2516 779 2582 ίς
795 2516 878 2596 μυχὸν
896 2481 974 2576 ἄλλον
1020 2529 1041 2576 0
1055 2539 1152 2588 mures,
1166 2527 1188 2577 si
1199 2527 1269 2590 panis
1285 2527 1467 2591 peteudicausa
1480 2528 1596 2590 venistis,
1608 2529 1638 2578 ad
1648 2542 1708 2578 cara
1722 2530 1767 2578 alla

200 2639 208 2650 ·
235 2603 348 2683 στείχετ’
364 2603 442 2683 (ἐπεί
453 2604 528 2677 λιτὴν
542 2606 660 2682 οἰκέομεν
675 2607 829 2689 καλύόην),

190 2683 223 2748 ού
240 2692 286 2750 καί
298 2693 376 2752 πίονα
389 2694 465 2772 τυρὸν
480 2694 657 2776 ἀποδρέψεσθε
668 2696 714 2753 καὶ
729 2695 795 2768 αύην
814 2765 818 2780 Ι

234 2780 347 2858 ἰσχάδα,
365 2780 411 2839 καὶ
425 2783 527 2840 δεῖπνον
545 2784 640 2860 συχνὸν
655 2783 707 2842 ἀπὸ
721 2785 871 2844 σκυὸάλων.
925 2805 930 2822 ’

192 2869 226 2926 El
241 2869 266 2924 δ’
281 2870 308 2925 ἐν
322 2869 398 2941 ἐμαῖς
414 2867 528 2946 βίόλοισι
542 2869 620 2927 πάλιν
635 2871 788 2942 natalitiis?
804 2873 911 2943 ὀδόντα,

234 2951 390 3032 κλαύσεσθ,
402 2957 449 3052 σύμ
461 2957 556 3033 ἀγαθὸν
567 2961 656 3033 κῶμον
671 2959 852 3038 ἐπερχόμενοι.

461 3125 526 3176 304.
548 3117 704 3176 boillot.
788 3141 792 3144 ·

191 3248 289 3309 'Arsit'
303 3239 326 3310 d
340 3250 510 3330 καλαμευτὰ,
526 3250 586 3311 ποτλ
598 3252 670 3333 ξερὸν
684 3253 738 3313 ἔλθ’
750 3254 802 3314 αἰπδ
813 3255 923 3336 πέτρας,

233 3337 281 3396 καί
296 3362 330 3416 με
341 3338 404 3398 λά6’
415 3339 529 3419 εὐάρχαν
543 3340 640 3419 πρώϊον
656 3341 781 3418 ίμπολέα.

191 3425 261 3488 Aine
274 3429 307 3484 σύ
319 3429 344 3505 γ’
354 3429 380 3486 ἐν
395 3427 482 3506 κύρτῳ
496 3429 696 3508 μελανουρίδας,
712 3429 768 3488 αίτε
777 3431 824 3487 τιν’
836 3431 922 3510 άγρεῖς

234 3513 385 3594 μορμύρον,
396 3513 413 3586 ἢ
423 3513 534 3593 κίχλην,
548 3514 565 3586 ἢ
579 3517 694 3596 σπόρον,
708 3515 724 3588 ἢ
740 3517 872 3596 σμαρίδα,

193 3599 300 3660 αθτόθεν
316 3603 437 3669 αὖδάσεες
456 3627 489 3680 με
501 3603 544 3661 τδν
556 3605 586 3662 ού
598 3603 689 3683 κρέας,
704 3605 772 3662 ἀλλὰ
786 3605 920 3664 θάλασσαν

233 3695 368 3768 τιμῶντα,
379 3694 501 3771 ψαφαροῦ
515 3692 664 3765 κλύσματος
677 3695 712 3759 είς
723 3692 837 3752 ἀπάταν.

194 3782 335 3846 Χαλκίδος
347 3781 378 3851 ἢν
393 3781 420 3838 δὲ
435 3781 513 3861 φέρῃς
523 3781 718 3860 φιλακανθίδας,
729 3780 746 3853 ἤ
757 3803 814 3854 τινα
827 3781 947 3860 θρίσσαν,

176 3881 179 3895 “
234 3868 351 3947 εὖάηρει·
363 3868 462 3926 λιθίναν
479 3870 508 3926 οὗ
526 3869 576 3948 γὰρ
591 3869 644 3947 ἔχω
658 3869 772 3948 φάρυγα.

196 4017 508 4034 u-—————

483 4109 539 4154 ioa.
559 4122 677 4154 nsonrnss.

194 4232 249 4278 liae
263 4229 350 4277 absiste
361 4245 412 4278 casa
428 4244 434 4276 :
450 4245 504 4279 nam
519 4247 591 4296 parva
603 4232 713 4280 Leonidis
727 4240 762 4280 est
773 4246 820 4290 ros,

225 4313 276 4359 Nee
290 4310 354 4359 bona
370 4313 492 4376 pascendis
506 4313 614 4362 muribus
623 4323 687 4364 arcta
697 4328 778 4378 penus.

192 4393 290 4459 Quippe
301 4393 353 4442 seni
365 4394 421 4442 satis
430 4404 465 4443 est
478 4397 541 4460 puls,
555 4397 638 4461 panis,
653 4406 677 4445 et
686 4411 823 4462 aequoreum
838 4395 885 4454 sal,

226 4477 284 4524 llaec
300 4473 332 4524 ab
340 4475 390 4524 evis
402 4475 437 4524 illi
449 4475 496 4526 rita
509 4479 593 4526 relicta
603 4479 680 4542 placet
695 4493 701 4527 :

192 4561 268 4606 Parve
280 4557 400 4623 ligurilor,
413 4574 456 4607 cnr
465 4557 515 4608 boc
530 4562 663 4625 penetralia
677 4561 776 4623 lustras,

225 4641 256 4686 ln
267 4639 356 4704 quibus
364 4653 394 4690 ex
408 4655 474 4689 coena
486 4642 547 4690 mica
563 4657 606 4690 nee
616 4643 665 4690 ulla
674 4643 757 4692 cadit?

193 4721 281 4769 Nostra
290 4721 355 4770 rides
365 4722 470 4786 quaesint
483 4737 489 4770 :
505 4724 582 4772 aliena
597 4723 621 4770 in
634 4724 715 4772 limina
728 4724 808 4788 migra,

227 4807 287 4852 Sunt
299 4803 341 4853 ubi
351 4821 403 4870 qua
416 4805 507 4872 possint
520 4816 544 4854 ta
556 4806 643 4854 satiare
662 4807 742 4872 dapes.

469 4941 527 4990 303.
549 4957 685 4991 antenoris,

192 5073 219 5124 sl
231 5073 313 5138 petitis
324 5073 414 5124 rictum
426 5090 505 5124 mures
523 5073 630 5152 absistite
645 5091 715 5140 parce

228 5155 321 5205 Limine
333 5166 470 5222 :suntque
486 5173 527 5206 νοε
536 5173 608 5206 aurea
627 5165 689 5205 tecta
701 5167 798 5218 nocent,

194 5239 264 5291 Ficus
274 5241 314 5290 ubi
333 5242 400 5292 robis
416 5251 439 5291 et
457 5241 524 5308 copia
540 5241 614 5290 multa
632 5241 706 5290 coacti

636 5315 644 5336 Ι

1048 2615 1130 2666 redite
1141 2615 1245 2680 (quippe
1256 2619 1356 2666 tenuem
1365 2615 1506 2665 habitamus
1514 2619 1624 2678 casam),

1019 2703 1060 2754 ubi
1074 2707 1099 2754 et
1113 2703 1228 2767 pinguem
1240 2717 1339 2753 caseum
1349 2703 1471 2754 abundetis
1483 2706 1508 2753 et
1518 2704 1608 2754 docem

1049 2791 1137 2852 ticum,
1147 2794 1172 2842 et
1181 2803 1275 2840 coenam
1287 2791 1378 2854 largam
1390 2793 1499 2854 capietis
1507 2805 1535 2840 ox
1544 2792 1715 2855 purgamentis.

1018 2880 1043 2929 Sl
1057 2892 1116 2928 roro
1127 2879 1153 2928 in
1163 2879 1224 2928 meis
1232 2879 1301 2929 libris
1309 2879 1398 2930 iterum
1408 2879 1503 2929 acuetis
1512 2879 1625 2940 dentem,

1048 2965 1186 3030 plorabitis,
1201 2965 1290 3016 malam
1300 2967 1493 3018 comissatiouem
1506 2965 1632 3018 obeuntes.

1300 3133 1355 3179 sol.
1374 3131 1506 3180 PHANIAE.

1018 3262 1039 3310 0
1049 3259 1160 3310 littoralis
1168 3260 1285 3322 piscator,
1294 3235 1420 3310 insiccum
1428 3259 1484 3309 reni
1495 3263 1600 3322 apetra,

1047 3349 1073 3397 et
1081 3361 1121 3398 mc
1130 3347 1213 3410 accipe
1221 3347 1446 3410 bene-incipientem
1456 3347 1603 3397 matutinum
1613 3349 1755 3410 emptorem.

1010 3435 1073 3485 'Sive
1082 3438 1109 3486 tu
1118 3436 1143 3484 ln
1155 3448 1228 3484 nassa
1237 3437 1390 3496 molanums,
1401 3436 1452 3484 sive
1461 3435 1527 3498 capis
1536 3435 1642 3502 aliquem

1047 3537 1213 3587 mormyrum,
1223 3525 1263 3574 rel
1272 3525 1381 3586 turdum,
1390 3525 1430 3574 rel
1439 3538 1547 3587 sparum,
1555 3524 1595 3573 vol
1604 3523 1746 3584 emendem,

1016 3614 1100 3664 statim
1112 3613 1246 3678 appellabis
1258 3627 1313 3673 me,
1327 3614 1370 3676 qui
1385 3627 1433 3663 non
1451 3627 1550 3662 carnem
1560 3651 1566 3674 ,
1577 3613 1620 3662 sed
1634 3625 1702 3661 mare

1046 3701 1164 3750 bonorem
1174 3739 1181 3764 ,
1192 3701 1250 3750 sicci
1260 3701 1330 3751 lrusti
1339 3699 1478 3750 taediumut
1487 3701 1575 3749 fallam.

1016 3791 1048 3839 nt
1059 3787 1181 3838 chaddss
1193 3789 1214 3838 si
1223 3789 1271 3838 fers
1280 3788 1397 3851 spinosas,
1408 3789 1448 3838 vel
1456 3789 1563 3851 aliquam
1572 3787 1696 3850 clupeam,

1048 3875 1297 3939 fauste-piscansvale
1314 3875 1453 3939 :lapideam
1469 3861 1534 3926 enim
1549 3889 1598 3926 non
1609 3875 1687 3925 babeo
1702 3875 1790 3938 gislam

1049 4086 1136 4147 Laetis,
1148 4095 1173 4136 et
1187 4103 1200 4136 e
1214 4087 1287 4136 comis
1299 4089 1374 4136 altera
1386 4105 1451 4136 cornu
1464 4089 1543 4137 datur.

1016 4171 1049 4218 At
1062 4178 1154 4218 nostras
1167 4168 1254 4218 iterum
1268 4169 1348 4235 petitis
1362 4171 1382 4218 si
1394 4171 1465 4218 dente
1476 4186 1591 4236 papyros„

1049 4252 1164 4313 Flebilis,
1178 4251 1284 4318 expletos
1294 4263 1375 4302 moesta
1385 4251 1472 4302 chorea
1486 4264 1574 4304 manet.

1312 4459 1369 4512 304.
1387 4475 1492 4510 russum.

1015 4661 1042 4705 ln
1059 4665 1147 4706 terram
1161 4658 1192 4706 de
1206 4673 1266 4724 rupe
1278 4658 1333 4708 reni
1344 4658 1458 4723 piscator,
1471 4669 1495 4708 et
1508 4675 1521 4707 a
1532 4675 1569 4708 me

1049 4739 1128 4804 Incipe
1141 4749 1264 4804 capturam
1277 4741 1378 4790 rendere
1389 4756 1458 4789 mane
1473 4756 1548 4800 noro,

1015 4827 1061 4874 Seu
1073 4835 1112 4876 tua
1124 4823 1171 4873 lert
1182 4823 1270 4874 fiscella
1279 4825 1367 4874 bonam
1380 4825 1547 4887 melanmida,
1561 4823 1609 4872 siue

1047 4909 1202 4971 Mormoron,
1216 4916 1258 4960 aut
1268 4907 1360 4970 turdos,
1370 4916 1411 4955 aut
1421 4922 1517 4971 sparon,
1532 4914 1572 4954 aut
1586 4903 1695 4956 smorida.
1774 4949 1776 4958 ,

1015 4992 1076 5039 Nam
1087 5005 1166 5051 mare,
1179 5007 1228 5040 non
1241 5006 1323 5040 carnes
1335 4991 1400 5040 cordi
1415 4990 1473 5040 mili
1490 4989 1577 5054 :piscis
1588 5005 1668 5037 amoro

986 5111 988 5122 ,
1048 5075 1088 5120 lde
1099 5082 1189 5138 spectas
1200 5073 1259 5122 alios
1268 5073 1293 5122 in
1302 5089 1367 5122 mare
1380 5071 1442 5122 serre
1451 5072 1525 5120 cibos.

1016 5161 1048 5206 ltt
1059 5157 1078 5205 si
1089 5156 1134 5206 iens
1148 5158 1270 5224 clupeam,
1287 5158 1325 5206 vel
1334 5173 1392 5221 quas
1401 5173 1466 5206 mare
1477 5153 1549 5220 gignit
1564 5154 1652 5215 enicas,

1049 5245 1119 5304 Perge
1129 5239 1246 5304 saleque:
1265 5239 1317 5303 gula
1333 5248 1425 5288 estnon
1438 5238 1541 5302 lapidosa
1555 5233 1620 5285 milri.
