3916 5930
583 450 706 510 CAPUT
726 451 787 512 Vll.
810 451 1089 515 EPIGRAMMATA
1109 453 1379 520 SEPULCRALIA.
1699 465 1757 524 373

203 579 326 656 inopinos
343 577 450 638 Βασιλθι
464 579 573 640 κάτθανε
588 579 730 660 παρθενικὴ
1014 593 1139 646 occidente
1150 595 1229 647 Basilo
1242 596 1334 649 interiit
1344 597 1412 662 virgo

162 666 298 746 αὐτοχιρί·
313 665 387 734 ζώειν
402 667 465 748 γὰρ,
476 667 599 748 ἀδελφεὸν
613 671 639 727 ἐν
653 671 716 751 πυρί
730 675 815 748 θεῖσα,
983 694 1123 742 ευε-ιιιειιιις
1135 683 1289 735 rivereenim
1298 723 1305 748 ,
1314 685 1552 750 postquamtratrem
1561 699 1619 752 rogo
1630 687 1754 758 imposuit,

201 757 248 814 οὐκ
259 754 333 826 ἔτλη.
348 754 463 832 Δίδυμον
477 756 499 814 δ’
513 745 583 824 οἶκος
596 758 677 817 ἐσεῖδε
692 756 772 818 κακὸν
1012 783 1061 820 non
1073 771 1194 822 sustinuit
1209 773 1338 824 ῦουιίιιιιιιι
1357 786 1416 824 varo
1428 772 1518 824 domus
1530 772 1592 824 vidit
1605 773 1698 825 malum

120 861 134 898 s
161 843 259 924 πατρὸς
273 841 466 923 Ἀριστίππου·
482 844 633 926 κατήφησεν
647 845 675 906 δέ
691 845 798 928 Κυρήνη
982 856 1057 920 patris
1069 857 1199 923 Aristippi,
1210 858 1450 923 disiecitque-vultum
1463 862 1557 924 cyrena

200 941 291 1007 πᾶσα,
301 930 345 991 τὸν
360 931 477 994 εὔτεκνον
492 939 573 1014 χῆρον
585 937 675 995 ἰδοῦσα
689 935 777 1014 δόμον.
1012 945 1103 1008 omnia,
1120 945 1186 997 ssiam
1197 947 1335 998 iocundam
1342 948 1404 1012 jam
1415 947 1499 998 orbam
1509 947 1595 999 videns
1608 940 1720 1000 ¹domum.

417 1087 478 1140 518.
499 1090 558 1136 ΤΟΥ
576 1091 680 1138 ΑΥΤΟΥ.
1062 1091 1064 1096 '
1262 1097 1317 1145 518.
1339 1103 1485 1148 seusatus.

160 1223 313 1295 Ἀσσοικίδην
327 1223 371 1284 τδν
387 1225 499 1303 Κρῆτα,
520 1221 563 1284 τδν
581 1224 703 1298 αἰπόλον,
719 1221 823 1303 ἥρπασε
836 1224 935 1301 Νύμφη
982 1238 1121 1302 Astaciden,
1137 1239 1277 1290 cretensem
1290 1239 1359 1290 illum
1369 1241 1597 1308 pastorem,rapuit
1608 1245 1718 1310 Nympha

203 1309 230 1380 ἐξ
242 1313 324 1390 ὄρεος·
334 1311 380 1371 καί
392 1315 436 1370 νῦν
447 1311 514 1391 ἱερὸς
527 1311 691 1383 ’λσπακίδηα
1012 1340 1043 1378 ex
1052 1329 1147 1390 monte,
1159 1330 1184 1378 et
1197 1341 1262 1379 nuno
1275 1340 1344 1379 sacer
1355 1329 1487 1381 Astacides.

160 1399 259 1462 Οὐκέτι
271 1397 425 1476 Δικταίῃσιν
439 1399 489 1458 ὑπὸ
502 1399 599 1478 δρυσὶν,
615 1398 701 1459 οθκέπι
715 1399 814 1478 Δάφνιν
982 1419 1035 1466 Non
1048 1415 1152 1478 amplius
1160 1415 1258 1466 Dictaeis
1274 1416 1320 1467 sub
1334 1416 1483 1481 quercubus,
1496 1433 1544 1470 non
1557 1421 1659 1485 amplius
1673 1422 1755 1486 Daph·

200 1488 336 1564 ποιμένες,
353 1488 506 1560 Ἀστακίδην
522 1487 544 1546 δ’
558 1487 612 1546 αἰὲν
629 1486 776 1564 ἀεισόμεθα.
1013 1505 1136 1566 pastores,
1151 1502 1194 1554 sed
1207 1503 1336 1554 Astaciden
1349 1517 1444 1570 semper
1455 1519 1579 1558 canemm.
1693 1509 1757 1574 [nim

415 1645 476 1695 519.
496 1641 558 1693 rot
572 1645 675 1693 mor.
991 1637 996 1648 '
1258 1655 1311 1704 sta.
1333 1661 1480 1707 nsusnaar.

94 1813 95 1818 =
161 1773 279 1852 Δαίμονα
291 1771 328 1838 τίς
342 1773 364 1830 δ’
378 1761 407 1831 εύ
418 1762 470 1831 οἶδε
485 1771 529 1830 eis
543 1774 648 1850 αὔριον,
663 1771 739 1830 ἁνίκα
752 1770 796 1830 καὶ
808 1770 836 1830 σὲ
846 1815 854 1844 ,
982 1785 1077 1834 Sortem
1087 1783 1143 1846 quis
1151 1783 1213 1834 hene
1223 1784 1292 1835 novit
1303 1785 1446 1846 crastinam,
1456 1785 1653 1849 quandoquidem
1664 1790 1690 1840 et
1697 1791 1734 1846 te.

200 1858 307 1938 Χοίρμι,
322 1858 366 1918 τδν
380 1859 523 1937 ὀφθαλμοῖς
535 1858 624 1938 χθιζὸν
642 1860 668 1916 ἐν
683 1857 830 1938 ἁμετέροις,
1012 1871 1136 1934 Charmis,
1149 1872 1234 1922 oculos
1243 1871 1417 1936 qni-hemeras
1429 1873 1462 1922 ob
1470 1875 1579 1935 nostros,

160 1955 194 2026 πᾷ
205 1945 280 2026 ἑτέρᾳ
291 1945 450 2013 κλαύσαντες
461 1945 622 2024 ἐθοίπτομεν;
635 1945 718 2007 Οὐδέν
733 1945 830 2006 ἐκείνου
982 1958 1110 2009 altera-die
1118 1957 1229 2023 lugentes
1240 1958 1414 2023 sepelivimus?
1423 1959 1521 2010 Nullam
1531 1960 1571 2010 illa

199 2025 251 2094 εἶδε
262 2034 350 2114 πατὴρ
365 2037 466 2116 Διορῶν
480 2037 562 2114 χρῆμ’
579 2033 755 2112 ἀνιαρότερον.
1012 2045 1073 2096 vidit
1086 2047 1155 2109 pater
1167 2045 1278 2109 Diophon
1289 2058 1340 2096 ram
1352 2045 1556 2097 arumnosiorem.

414 2183 476 2242 520,
496 2188 555 2234 ΤΟΥ
573 2185 679 2234 ΑΥΤΟΥ.
1259 2193 1312 2238 ⁵2⁰.
1334 2196 1481 2244 aetianam.

159 2313 211 2370 Ἢν
224 2310 281 2389 δέξῃ
294 2309 432 2390 Τίμαρχον
442 2313 468 2368 ἐν
483 2308 586 2388 Ἄϊδος,
598 2309 665 2391 δρροι
681 2311 776 2382 πύθηαι
980 2316 1005 2364 Si
1016 2314 1107 2377 quaeris
1116 2313 1271 2364 linmrohum
1282 2314 1308 2364 in
1317 2313 1427 2365 Plutonis
1443 2312 1529 2374 ἀοιπο,
1542 2315 1571 2365 ut
1581 2313 1667 2363 audias

198 2393 252 2466 ήτι
266 2393 325 2474 περὶ
336 2397 439 2475 ψυχῆς,
452 2393 470 2466 ἢ
484 2397 550 2455 πάλι
561 2399 617 2464 πῶς
632 2395 717 2468 ἔσεαι,
1012 2401 1063 2450 sire
1077 2399 1137 2464 quid
1149 2401 1180 2451 do
1196 2401 1290 2464 anima,
1301 2399 1353 2451 sire
1363 2413 1450 2450 rursus
1458 2398 1581 2462 quonmdo
1594 2399 1757 2461 sis-maurus,

159 2481 273 2550 δίζεσθαι
287 2485 368 2563 φυλῆς
388 2477 580 2558 Πτολεμαΐδος,
593 2481 649 2542 uiis
659 2481 758 2561 πατρὸς
981 2502 1064 2552 quaere
1079 2491 1166 2540 utrum
1174 2487 1285 2540 detribu
1296 2487 1458 2551 Ptolemaide,
1470 2487 1548 2539 tilium
1560 2487 1636 2551 patris

201 2568 366 2631 Παυσανίου·
381 2569 452 2642 δήεις
471 2569 493 2629 δ’
508 2569 585 2629 αὐτὸν
600 2573 627 2630 ἓν
641 2568 775 2632 assessus.
987 2627 993 2654 Ι
1012 2576 1138 2626 Pausania
1151 2575 1276 2626 :inuenies
1287 2560 1469 2627 autemeum'in
1480 2575 1576 2640 piorum
1586 2577 1700 2640 cepione.

415 2719 476 2771 sat.
496 2723 555 2768 ror
574 2701 692 2769 error.¹
1258 2713 1312 2759 sm.
1334 2717 1478 2762 racanas.

160 2840 272 2912 Κύζικον
283 2840 315 2912 ἢν
329 2841 423 2922 ἔλθῃς,
435 2842 520 2920 ὀλίγος
533 2843 609 2909 πόνος
621 2841 748 2904 Ἱππακδν
762 2845 843 2924 εὑρεῖν
981 2856 1095 2920 cyricum
1109 2855 1130 2904 si
1142 2853 1244 2916 adieris,
1256 2853 1325 2918 parri
1337 2851 1427 2917 negotii
1437 2854 1473 2903 est
1487 2853 1622 2917 ilippncum
1634 2849 1742 2904 ὶονοιιὶιε

198 2931 243 2990 κοιλ
258 2930 391 3008 Διδύμην·
408 2929 508 3012 ἀφανής
522 2929 578 2990 οὔτι
592 2929 643 3012 γδιρ
656 2935 673 3002 ή
687 2929 776 3010 γενεή·
800 2966 806 2976 ,
1011 2947 1037 2996 et
1049 2943 1168 3006 Didymen
1181 2963 1187 2990 ι
1200 2941 1333 2992 obscurum
1345 2941 1487 3004 neutiquam
1500 2941 1564 2991 enim
1577 2939 1624 2991 hoo
1635 2955 1726 3005 genus:

158 3019 204 3078 καί
213 3041 273 3100 epm
286 3017 390 3098 ἀνιηρὸν
401 3018 448 3094 μὲν
463 3021 528 3097 ἐρεῖς
537 3016 610 3091 ἔπος,
622 3017 694 3094 ἔμπα
706 3017 733 3076 δὲ
745 3017 816 3088 λέξαι
981 3032 1051 3084 ateis
1063 3031 1159 3082 tristem
1171 3029 1273 3093 quidem
1283 3029 1350 3080 dices
1358 3043 1460 3093 rocem,
1474 3029 1519 3079 ssd
1527 3032 1608 3081 tamon
1621 3029 1727 3082 edissere

199 3110 286 3179 τοῦθ’,
300 3105 339 3164 &a
353 3105 398 3164 τὸν
413 3105 505 3167 κείνων
517 3101 563 3164 ὧδ’
575 3102 662 3186 ἐπέχω
678 3105 800 3186 Κριτίην.
1012 3119 1073 3182 Ιιοο,
1086 3119 1193 3184 ipsorum
1201 3117 1242 3168 hio
1251 3116 1434 3169 ama-cohiberi
1446 3117 1555 3168 critiam.

414 3258 475 3309 522.
495 3260 554 3306 ΤΟΥ
572 3257 677 3308 ΑΥΤΟΥ.
1250 3261 1306 3306 522·
1334 3263 1481 3306 niustriam.

159 3383 287 3463 Τιμονόη,
296 3384 386 3453 τίςδ“
401 3384 470 3458 ἐσσί,
481 3383 520 3461 μδι
534 3381 671 3460 δαίμονας,
684 3382 713 3442 οὔ
723 3382 746 3440 σ’
761 3382 793 3441 ἂν
807 3381 932 3463 ἐπέγνων,
980 3398 1103 3456 Timonoe,
1112 3393 1423 3455 autquaenamesiltonper
1431 3388 1499 3450 deos,
1507 3402 1556 3439 non
1562 3389 1756 3453 agnouisacmte,

198 3475 221 3534 si
236 3472 274 3552 μή
288 3473 418 3550 Τιμοθέου
437 3471 534 3552 πατρὸς
549 3473 613 3542 ἐπῆν
627 3470 709 3546 ὄνομα
1012 3484 1058 3534 nisi
1069 3479 1190 3532 Timothei
1203 3479 1279 3543 patris
1291 3477 1381 3528 inesset
1392 3489 1481 3527 nomen

160 3561 244 3641 στήλῃ
251 3607 261 3635 ,
273 3559 318 3620 καὶ
331 3559 465 3636 Μήθυμνα
477 3557 522 3632 τιή
534 3557 618 3625 πόλις.
659 3548 697 3618 Ἦ
710 3557 777 3638 μέγα
789 3557 856 3639 φημὶ
981 3573 1067 3636 cippo,
1077 3572 1102 3620 et
1111 3569 1251 3630 Methymna
1263 3567 1307 3616 tua
1315 3563 1384 3614 udis.
1394 3562 1585 3614 Protectovaldo
1596 3563 1635 3612 aio

198 3653 280 3730 χῆρον
295 3653 416 3709 ἀνιᾶσθαι
429 3648 473 3708 σὸν
485 3646 561 3708 πόσιν
575 3645 724 3724 adaspios.
1012 3658 1115 3708 viduum
1127 3667 1230 3708 maerere
1238 3657 1312 3704 ιιιυιιι
1320 3652 1401 3702 virum
1414 3651 1598 3714 Euttrprnencm.

1707 3786 1715 3822 l

192 3835 267 3900 Virgo
277 3852 318 3886 sua
329 3835 408 3886 Basilo
421 3834 525 3885 concidit
534 3835 583 3885 iota
596 3849 667 3884 manu
681 3849 687 3883 ι
1276 3826 1332 3874 5οο.
1349 3834 1466 3873 sensnum.

158 3921 221 3969 Nam
234 3934 284 3967 non
294 3917 407 3968 sustinuit
421 3916 489 3967 inatri
498 3932 621 3982 superesse
634 3924 755 3976 emuncto,

193 4003 274 4065 Atque
282 3999 316 4049 ita
327 3997 443 4064 Aristippi
457 3998 493 4047 bis
506 3996 552 4046 luit
564 3997 623 4046 orba
635 3996 727 4048 domus.

158 4087 220 4133 tium
234 4097 336 4132 moerora
350 4081 416 4148 gravi
428 4083 522 4147 Cyrene
536 4077 719 4141 cernitinancs,

193 4163 241 4228 Qui
252 4163 323 4214 modo
337 4161 417 4213 retices
430 4162 498 4229 prole
509 4159 590 4223 luera,
598 4160 668 4210 lares.

980 3957 1092 4024 Quisquis
1103 3955 1127 4005 in
1139 3955 1233 4006 interna
1240 3951 1394 4004 Timarchum
1406 3952 1462 4002 sede
1473 3951 1590 4017 requiris,

1015 4043 1047 4090 Ut
1058 4039 1147 4098 diseas,
1159 4037 1252 4086 animus
1260 4035 1319 4102 quid
1329 4033 1377 4095 sit,
1389 4042 1414 4084 ct
1427 4049 1458 4082 an
1470 4033 1552 4082 redeas
1567 4048 1573 4082 :

981 4122 1092 4190 Pausania
1106 4121 1137 4171 ds
1148 4129 1216 4187 patre
1229 4119 1295 4170 irrisu
1308 4116 1454 4168 Ptolemaide
1466 4131 1572 4181 quaerens

1014 4204 1138 4269 inuenies,
1151 4203 1245 4254 habitat
1256 4219 1309 4268 quos
1321 4202 1359 4268 piu
1369 4201 1438 4252 turba
1447 4235 1455 4258 ,
1463 4199 1529 4250 loeis.

470 4287 525 4336 διθ.
541 4301 656 4340 υυοιιιιι,

465 4394 495 4444 de
507 4394 630 4446 Astacides.

160 4511 298 4558 Cretensem
309 4505 435 4556 Astaciden
445 4505 566 4555 custodem
579 4504 604 4552 iu
618 4511 699 4552 monte
708 4519 832 4569 caprarum
893 4501 900 4514 “

193 4588 305 4658 Nympha
316 4588 364 4639 sibi
375 4589 465 4656 rapuit.
475 4591 532 4638 Non
541 4587 588 4637 erit
600 4587 720 4637 Astacides

160 4673 255 4723 Dictaeis
268 4670 367 4738 posthac
378 4672 423 4722 sub
435 4671 570 4738 quercubus
586 4685 659 4736 :crgo
676 4687 786 4721 σοιιειιιιιε

195 4761 316 4816 Pastoris,
329 4769 378 4804 non
389 4764 430 4816 ta,
442 4753 553 4820 Daphni,
565 4753 606 4802 sed
618 4753 752 4804 Astaciden.

1273 4333 1331 4384 521.
1354 4346 1469 4378 ιιυεοιιν.

982 4459 1141 4525 iiippaenrqet
1153 4455 1286 4520 Didymon,
1301 4453 1381 4504 uenias
1393 4452 1412 4502 si
1426 4451 1527 4516 Cyzicon
1541 4447 1640 4508 urbem,

1013 4545 1099 4606 Quare
1108 4553 1193 4608 precor
1207 4551 1214 4588 :
1227 4537 1318 4588 clarum
1332 4539 1448 4586 monstrat
1457 4540 1584 4595 utrumque
1595 4545 1675 4594 genus.

982 4625 1051 4675 Dices
1060 4624 1126 4674 triste
1137 4623 1232 4690 quidem
1240 4659 1248 4686 ,
1257 4621 1298 4670 red
1311 4619 1366 4682 dic,
1378 4632 1456 4682 rogo:
1469 4615 1532 4664 iilius
1544 4613 1592 4662 illis

1014 4707 1060 4770 Qui
1076 4706 1153 4756 luerat
1166 4706 1266 4766 Critias,
1277 4703 1341 4754 laune
1355 4717 1398 4767 ego
1409 4715 1473 4750 nunc
1488 4697 1575 4748 habeo.

453 4869 509 4933 ⁵¹9·
528 4882 643 4917 ιιυεινιινι.
1270 4841 1327 4889 sss.
1347 4851 1464 4885 ιιοιιιιιι.

161 4981 233 5039 Fata,
247 4976 299 5042 quis
313 4986 349 5028 est
358 4975 497 5036 homiuum,
512 4973 578 5024 nouit
589 4973 631 5040 qui
643 4975 756 5030 crastina,
774 4973 891 5024 charmi?
981 4970 1096 5020 Timouoe
1109 4987 1160 5035 quse
1172 4971 1282 5019 tuition
1293 4975 1382 5031 tc,per
1392 4961 1508 5021 numina,
1521 4975 1624 5018 nossem,

194 5059 219 5110 Si
232 5067 272 5122 ts,
284 5075 355 5125 quern
367 5058 469 5126 populus
480 5057 581 5108 vidimus
592 5056 670 5108 omnis
683 5055 754 5120 heri,
1014 5051 1133 5102 Timothei
1148 5066 1234 5102 nomen
1250 5050 1276 5100 ai
1291 5049 1364 5116 patris
1378 5046 1524 5112 aspicerem,

162 5144 232 5192 Nunc
244 5141 328 5192 flemus
341 5152 458 5208 terreque
469 5140 551 5190 damus
569 5156 575 5190 ι
591 5139 624 5189 nil
638 5148 744 5204 tempore
758 5147 822 5189 tanto
982 5135 1191 5202 Metltymnamqua
1202 5133 1272 5184 simul
1283 5131 1383 5198 patriam
1395 5128 1441 5179 hoc
1450 5127 1475 5175 in
1486 5139 1613 5174 marmore.
1622 5123 1725 5173 Multum

196 5225 297 5291 Aspexit
307 5223 420 5291 liioplmu
432 5233 480 5275 tam
492 5220 537 5272 sihi
553 5222 620 5273 triste
634 5230 710 5288 pater.
1016 5219 1059 5267 Vir
1074 5210 1295 5282 tuusuurhymenss
1305 5212 1364 5270 hac,
1378 5212 1442 5272 seio,
1459 5213 1535 5257 morte
1548 5205 1621 5256 doleis
