3932 5934
511 476 634 537 stetit
654 477 717 536 Vll.
741 475 1018 538 EPIGRAMMATA
1041 479 1311 539 SEPULCRALIA.

393 623 455 672 673.
477 624 614 671 tentori.

106 750 144 808 Ei
157 747 229 826 γένος
241 745 370 808 stantior
385 747 445 816 ζώει
456 747 523 824 μετὰ
536 748 620 828 τέρμα
633 749 712 827 βίοιο,

107 833 232 892 ναιετάον
247 833 315 892 κατὰ
332 833 426 909 θεσμὸν
440 834 490 894 tvi
504 835 591 908 στόμα
606 834 689 914 φωτὸς
704 836 814 896 ἑκάστου
822 881 831 911 ,

108 921 220 999 Ἀνδρέα
233 967 241 996 ,
253 920 284 979 σὺ
296 919 382 994 ζώεις,
394 924 423 980 οὐ
436 921 577 988 κάτθανες·
592 923 659 981 ἀλλά
675 946 704 981 σε
718 927 802 1004 χῶρος

110 1011 242 1089 ἄμόροτος
254 1009 389 1070 ἀθανάτων
404 1009 484 1088 ἁγίων
499 1009 623 1070 ὑπέδεκτο
636 1011 764 1086 καμόντα.

354 1160 423 1212 stt.
451 1153 652 1212 ΑΔΡΙΑΝΟΥ.

111 1290 267 1370 Ἀρχιλόχου
283 1291 341 1350 τόδε
355 1292 445 1366 σῆμα,
460 1289 505 1350 τὸν
517 1293 542 1357 ές
558 1293 709 1356 λυσσῶντας
723 1291 832 1370 ἰάμόους

152 1379 236 1456 ἤγαγε
252 1379 384 1454 Μαιονίδῃ
400 1381 495 1438 Μοῦσα
509 1379 680 1458 χαριζομένη.

361 1518 429 1569 675.
451 1511 648 1570 hFssNlhOi'.

110 1647 239 1727 Ἄτρομος
251 1650 281 1706 ἔκ
295 1646 397 1724 reptos
408 1646 453 1706 λιίε
469 1647 603 1725 πείσματα
617 1658 753 1726 ναυηχοῖο·

154 1741 249 1814 χήμῶν
261 1737 408 1811 ὀλλυμένων
422 1736 499 1802 ἄλλος
510 1735 654 1815 ίνηοπόρει.

394 1889 456 1940 676,
474 1892 610 1938 teuton.

111 2021 210 2084 Δοῦλος
228 2018 385 2088 Ἐπίκτητος
401 2017 530 2097 γενόμην,
545 2017 590 2076 καλ
605 2017 673 2094 σῶμ’
687 2017 831 2096 ἀνάπηρος,

151 2107 197 2164 καὶ
213 2105 306 2178 πενίην
319 2096 409 2185 Ἶρος,
425 2105 470 2164 καὶ
482 2105 554 2181 φίλος
566 2104 710 2171 ἀθανάτοις.

320 2235 413 2308 'orn
438 2248 656 2336 tittttNtnots

14 2415 20 2426 ·
112 2389 218 2460 Μνῆμα
235 2385 293 2444 τόδε
306 2389 416 2445 κλεινοῖο
432 2383 589 2464 θίεγιστίου,
601 2387 628 2443 ὅν
645 2409 708 2444 ποτε
724 2388 810 2456 Μῆδοι

151 2473 297 2553 Σπερχειὸν
310 2475 427 2550 ποταμὸν
439 2483 542 2532 κτεῖναν
558 2472 751 2552 ἀμειψάμενοι,

110 2561 230 2636 μάντιος,
242 2561 269 2627 ὃς
284 2561 343 2620 τότε
355 2567 437 2640 κῆρας
450 2561 626 2641 ἐπερχομένας
641 2561 712 2640 σάρα
725 2558 798 2626 εἰδὼς

55 2649 66 2668 ’
149 2649 198 2706 οὐκ
210 2647 273 2719 ἔτλη
286 2649 412 2728 Σπάρτης
423 2649 553 2728 ἡγεμόνας
566 2649 711 2726 προλιπεῖν.

360 2802 422 2852 678.
442 2804 638 2850 ΔΔΕΣΠΟΤΟΝ.

110 2933 262 3012 Πληρῶσας
276 2930 399 3011 στρατιὴν
412 2929 565 3010 Σωτήριχος
579 2931 669 2988 ἐνθάδε
686 2939 796 3006 κεῖμαι,

108 3017 190 3076 citos
205 3021 276 3094 ἐμῶν
292 3017 417 3094 καμάτων
430 3020 563 3096 γλυκεροῖο
576 3016 707 3076 τεκέεσσιν
720 3017 808 3084 ἐάσας.

107 3097 198 3183 Ἧρξα
213 3105 234 3163 δ’
250 3107 276 3163 ἐν
290 3104 433 3181 ἱππήεσσι,
444 3104 565 3182 Γερήνιος
580 3097 650 3164 cicius
666 3106 791 3186 Νέστωρ·

111 3193 137 3260 ἐξ
153 3193 250 3252 ἀδίκων
264 3215 293 3250 τε
307 3192 393 3250 πόνων
407 3195 542 3270 κειμήλιον
560 3193 633 3252 οὐδέν
647 3193 749 3262 ἔτευξα.

110 3285 136 3342 Τ
138 3281 232 3340 οὔνεκα
244 3281 288 3340 καὶ
303 3281 370 3356 μετὰ
384 3279 484 3358 πότμον
499 3283 551 3360 ὁρῶ
565 3281 628 3361 φάος
639 3282 806 3350 Οὐλύμποιο.

124 3433 194 3482 679.
216 3423 294 3481 ΤΟΥ
314 3421 427 3481 Asioi*
447 3420 675 3569 ξίῗῗΡΟΝΙΟΥ
696 3423 879 3483 ttaTPttP-

111 3675 139 3711 οι.
153 3649 264 3728 Ἰ“όμ6ε,
275 3649 339 3721 τίςῆ
350 3649 441 3722 πόθεν,
455 3641 486 3722 ἦν
502 3651 525 3708 δ’
540 3650 579 3708 ἔτι
588 3642 655 3716 Ιπαῖς
667 3649 751 3727 τίνος,
766 3649 830 3730 ἔργα
846 3651 890 3708 καί

151 3739 252 3818 νεκρὸς,
262 3739 290 3798 ὃν
304 3739 373 3798 ἔνδον
387 3739 466 3817 ἔχεις,
480 3737 588 3814 ἔννεπε,
604 3737 766 3814 κευθόμενον.
787 3737 889 3818 [όλόον,

407 3910 463 3969 673,
477 3924 588 3958 rncnnnr.

146 4023 170 4071 Si
181 4022 221 4088 pia
234 4021 421 4086 genshominum
435 4031 553 4071 transacto
567 4030 676 4088 tempore
690 4023 743 4072 ritae

146 4113 208 4171 Lege
216 4123 284 4156 sacra
296 4107 369 4168 sirit,
383 4105 515 4170 volitatque
528 4121 571 4171 per
583 4106 758 4163 crastinorum,

147 4192 255 4254 Andros,
268 4200 294 4241 tu
306 4199 369 4240 certe
381 4204 491 4256 superus,
503 4198 528 4238 et
539 4191 594 4240 sede
605 4190 675 4240 beata

147 4273 287 4322 immortale
296 4273 369 4336 agitas
380 4271 467 4322 sancus
476 4287 530 4320 cum
542 4272 663 4322 mentibus
674 4287 759 4321 evum.

409 4392 468 4451 674.
488 4405 601 4437 tonitru.

115 4504 278 4556 Archilochus
290 4505 353 4569 jacet
363 4503 412 4554 hic.
431 4508 494 4552 Bene
503 4506 571 4551 Musa
583 4501 677 4550 rolehat
691 4505 810 4565 Homero,

148 4588 254 4637 Huncin
269 4586 388 4636 iambeum
402 4603 456 4636 cum
469 4585 565 4634 itrrinrit
577 4597 645 4648 opus.

408 4703 466 4761 675.
484 4716 604 4748 neonium.

113 4821 184 4870 Aude
193 4821 223 4869 de
236 4819 330 4869 tumulo
339 4819 455 4869 submersi
464 4818 555 4867 soti-ere
564 4815 665 4866 ionem:

148 4909 217 4953 Tunc
227 4919 324 4970 quoque
337 4895 392 4952 cuni
401 4901 476 4968 perii,
487 4916 546 4965 quos
556 4915 621 4948 mare
636 4899 722 4956 ferret,
737 4907 813 4950 erent.

411 5021 468 5098 6¹76.
488 5033 603 5076 ιπειιιτι,

425 5130 455 5179 de
472 5129 589 5197 Epicteto.

115 5255 204 5302 Servus
216 5253 352 5318 Epictetus,
362 5265 404 5297 nee
416 5247 522 5314 corporis
534 5245 631 5308 integer,
646 5249 683 5292 iro

1216 627 1270 673 673.
1294 629 1432 672 lNCRllTl.

937 767 963 816 st
976 780 1052 832 genus
1061 769 1157 834 piorum
1173 772 1235 822 sirit
1248 774 1304 836 post
1316 773 1406 823 metam
1418 773 1491 834 rite,

937 855 1061 918 habitans,
1074 859 1103 908 ut
1115 859 1152 908 ias
1163 863 1210 921 est,
1224 861 1249 909 in
1260 873 1301 910 ore
1312 860 1358 910 viri
1367 859 1507 923 cujusque‚.

937 943 1046 1004 thirsa,
1059 947 1086 994 tu
1096 946 1173 1008 uris,
1184 961 1232 996 non
1241 951 1394 998 es-mortnus
1410 961 1416 991 τ
1433 947 1477 998 sed
1490 949 1516 998 te
1526 949 1592 1011 regio

937 1037 1029 1086 esterna
1039 1036 1212 1088 immortalium
1226 1041 1365 1088 senctomm
1381 1038 1473 1102 excepit
1486 1038 1638 1088 defunctum.

1223 1182 1278 1228 sit.
1294 1181 1431 1230 tustini.

938 1303 1075 1354 Archilochi
1087 1303 1134 1355 hoc
1147 1305 1299 1369 sepulcrum,
1316 1321 1390 1371 quem
1401 1309 1426 1358 in
1444 1309 1542 1360 rabidos
1559 1310 1652 1360 iambos

968 1393 1018 1456 egit
1035 1392 1161 1443 hlaeonidse
1174 1396 1245 1444 Musa
1257 1395 1402 1458 gratiticans.

1209 1539 1263 1585 675.
1280 1537 1436 1586 LEONIDAE.

937 1665 1103 1730 imperitiuss
1114 1667 1210 1718 tumulo
1224 1666 1291 1717 solve
1306 1667 1376 1718 tunes
1388 1669 1515 1733 naufragi:

968 1767 1015 1804 nos
1028 1753 1248 1818 dum-peribamus,
1259 1755 1322 1805 otius
1336 1756 1551 1808 nare-vehebatur.

1215 1901 1270 1948 676.
1297 1908 1436 1952 receuti.

936 2042 1027 2090 Servus
1037 2040 1162 2105 Epictetus
1173 2041 1222 2103 lui,
1236 2043 1262 2092 et
1277 2053 1367 2104 corpus
1379 2043 1480 2090 truncus

967 2133 993 2182 et
1004 2133 1146 2196 paupertate
1157 2134 1226 2194 irus,
1241 2134 1267 2182 et
1278 2145 1349 2182 coms
1362 2130 1548 2181 immortalibus.

1203 2278 1257 2324 ott.
1275 2275 1447 2324 SlMONlDlS.

935 2414 1120 2462 Monumentum
1132 2411 1179 2462 hoc
1195 2413 1252 2463 dari
1262 2413 1392 2478 megistus,
1410 2429 1484 2478 quem
1499 2415 1556 2464 oiim
1572 2415 1635 2465 Medi

966 2500 1108 2564 Sperchium
1120 2500 1212 2552 ilumen
1222 2501 1398 2552 interiecemnt
1408 2503 1562 2568 transgressi,

935 2589 1012 2650 satis,
1029 2589 1072 2651 qui
1088 2591 1148 2638 tuno
1163 2589 1212 2638 iata
1225 2589 1377 2640 imminentia
1388 2591 1452 2640 clare
1464 2591 1543 2640 sciens

966 2691 1013 2726 non
1027 2677 1145 2728 sustinuit
1158 2679 1251 2742 spartes
1264 2677 1340 2728 duces
1350 2677 1470 2728 deserere.

1191 2828 1245 2874 678.
1262 2835 1454 2878 ettontttunt.

935 2960 1337 3013 Functus-muneremnscribendi
1360 2961 1482 3011 exercitos
1506 2961 1646 3012 soterichus
1673 2963 1713 3012 htc

853 3095 856 3102 .
935 3063 994 3113 opes
1003 3049 1108 3100 err-meis
1116 3049 1240 3099 laboribus
1248 3048 1362 3099 ‹tototom
1370 3048 1452 3098 liberis
1461 3049 1606 3112 relinquens.
1622 3050 1711 3114 [iaceo.
1882 3075 1888 3088 ·
1955 3043 1956 3054 ¹

935 3139 1026 3189 Praetui
1039 3141 1121 3189 autem
1135 3139 1199 3188 inter
1213 3138 1323 3200 equites,
1336 3138 1456 3188 Gerenius
1466 3138 1531 3188 sicut
1541 3141 1641 3198 Neston

935 3241 967 3278 es
985 3227 1131 3291 injustisque
1139 3225 1254 3290 operibus
1265 3225 1407 3276 thesaumm
1417 3225 1512 3276 nultum
1524 3226 1616 3290 pareri.

936 3317 1087 3379 Quapropter
1097 3317 1123 3364 et
1133 3317 1190 3378 post
1202 3317 1306 3364 mertem
1318 3313 1428 3376 adspicio
1437 3314 1518 3364 lunren
1531 3314 1634 3378 Olympi.

1027 3461 1079 3508 sis.
1097 3457 1208 3507 sancit
1227 3457 1394 3506 soettttottrt
1412 3455 1623 3504 Pntmtttcttm.

1515 3569 1605 3633 [opera
1616 3571 1642 3620 et
1654 3583 1713 3632 opes

936 3671 963 3708 π.
970 3659 1082 3719 Tumuie,
1092 3659 1148 3722 quis
1157 3661 1201 3708 aut
1212 3659 1291 3720 unde,
1300 3657 1381 3708 adhuc
1392 3671 1452 3722 puer
1462 3658 1531 3722 cujus
1540 3657 1621 3718 tuerit,
1629 3658 1714 3721 quotis

966 3749 1091 3808 mortuus,
1101 3760 1175 3809 quem
1189 3747 1256 3796 intus
1267 3745 1355 3808 hahes,
1369 3746 1490 3808 edissere,
1502 3744 1636 3796 conditum.

970 3908 1101 3974 Pauperior
1115 3924 1122 3958 ε
1136 3909 1176 3957 sed
1190 3909 1277 3958 Dissio
1289 3925 1385 3976 quoque
1395 3926 1463 3959 cartu
1475 3925 1549 3958 eram.

1217 4063 1276 4122 677.
1291 4076 1432 4119 ormontem,

1130 4240 1132 4244 .
1209 4197 1276 4268 opud
1288 4198 1443 4248 Herodotum.

938 4335 986 4398 Qui
996 4335 1059 4399 jacet
1068 4332 1124 4394 hic,
1134 4333 1219 4382 cecidit
1230 4336 1341 4382 Mavorte
1355 4333 1465 4398 Megistie
1477 4333 1563 4393 Medo,

970 4421 1030 4469 Cum
1042 4427 1107 4468 trans
1120 4415 1228 4483 Sperchii
1242 4416 1358 4466 barbarus
1370 4417 1413 4466 ivit
1425 4433 1498 4482 squas
1511 4431 1517 4464 :

942 4506 1094 4568 Quamqussm
1107 4500 1201 4551 fatidica
1213 4501 1327 4551 cernebat
1340 4511 1421 4550 mente
1433 4501 1552 4562 loturum,

971 4585 1056 4635 Noluit
1065 4585 1166 4634 illetuos
1177 4583 1300 4649 linquere,
1314 4587 1416 4650 Sparte,
1429 4583 1508 4632 duces.

1217 4741 1274 4818 679.
1292 4753 1438 4798 wensonis,

1128 4874 1275 4924 Patrios-ciue
1290 4873 1522 4939 Hierosolymorum,

1017 5015 1040 5062 in
1055 5024 1227 5062 monumentum
1239 5011 1355 5060 Iohannis
1362 4995 1376 5066 ‚¹
1386 5015 1458 5074 Popte
1475 5003 1642 5055 Alexandrini.

941 5152 987 5201 Dic
999 5147 1058 5198 mihi
1068 5187 1075 5212 ,
1087 5148 1155 5214 quis,
1169 5148 1245 5213 cujas,
1259 5161 1307 5212 quo
1325 5153 1434 5209 prosntus
1448 5141 1502 5200 ille,
1516 5137 1572 5202 quid
1585 5137 1645 5201 egit,

975 5235 1069 5300 Quidve
1084 5233 1181 5292 hebuit,
1196 5233 1300 5281 ciuusunt
1313 5245 1382 5294 quem
1395 5226 1451 5289 tegis
1464 5223 1517 5285 tm,
1530 5221 1637 5272 tumule?

1586 5312 1616 5356 91
