4018 5938
594 1055 1075 1186 PllOLEGOMENA
1111 1057 1459 1163 BREVlOlld.

898 1303 1164 1340 -εοῠ-

1111 1535 1167 1582 AEre
1180 1505 1368 1596 recubarem,
1384 1535 1465 1598 magni
1473 1539 1596 1600 gestamen
1606 1536 1716 1600 Abantis,

1113 1601 1228 1652 Postibus
1240 1602 1349 1653 adversis
1362 1603 1409 1667 sigo
1421 1608 1446 1654 et
1455 1619 1506 1654 rem
1518 1605 1625 1655 cannine
1637 1605 1706 1669 signo

1112 1673 1204 1722 AEnrxs
1215 1687 1268 1722 nec
1281 1688 1312 1723 nr
1327 1687 1415 1723 nantis
1426 1687 1568 1724 vrurennms
1582 1689 1658 1724 tart.

279 1535 394 1591 Veteres
430 1532 541 1606 Graeci,
575 1533 787 1609 religiosissimi
821 1535 1006 1603 mortalium,

240 1641 328 1697 qrmm
354 1620 454 1678 omnia
475 1634 532 1678 tam
560 1621 685 1679 secunda
713 1641 798 1698 quam
829 1623 948 1681 adversa
973 1624 1008 1680 ad

239 1711 309 1767 deos
332 1709 487 1779 referrent,
502 1707 587 1766 bellis
610 1709 730 1768 feliciter
750 1711 855 1783 gestis,
876 1710 1009 1769 hostibus

239 1796 377 1866 devictis,
391 1815 449 1854 non
459 1795 551 1853 solum
566 1807 675 1872 partem
691 1797 796 1872 praedae
812 1810 896 1872 atque
908 1817 1008 1854 manu·
1051 1791 1136 1861 Quod
1151 1793 1329 1871 epigramma
1342 1796 1389 1854 vel
1401 1809 1555 1874 propterea
1566 1811 1608 1856 est
1623 1797 1820 1870 memorabile,

240 1882 304 1940 bias
318 1884 389 1954 diis,
405 1903 527 1958 quorum
541 1902 571 1940 se
585 1884 722 1960 praesidio
736 1885 888 1942 victoriam
906 1904 1008 1962 repor·
1052 1879 1130 1956 quod
1144 1883 1173 1938 in
1192 1885 1295 1960 priscae
1317 1884 1511 1962 simplicitatis
1534 1886 1694 1944 imitatione
1708 1887 1822 1962 insigne

240 1983 313 2028 tasse
326 1971 537 2038 existimabant,
554 1991 815 2049 seponere,rerum
830 1974 915 2030 etiam
930 1993 1008 2030 arma
1052 1981 1147 2025 tamen
1171 1988 1289 2028 acumen
1314 1971 1409 2030 habet.
1452 1972 1606 2050 Postquam
1625 1973 1701 2030 enim
1726 1976 1756 2031 in
1778 1976 1823 2033 his

239 2057 368 2116 hostibus
387 2059 513 2116 detracta
530 2060 560 2116 in
578 2061 693 2137 templis
710 2075 795 2137 atque
813 2060 941 2118 delubris
956 2080 1008 2118 eo·
1052 2056 1293 2134 inscriptionibus
1307 2059 1397 2116 rerba
1411 2061 1496 2118 metri
1512 2060 1625 2135 legibus
1641 2075 1735 2138 coepta
1756 2075 1823 2120 sunt

238 2165 301 2202 rum
310 2145 443 2204 dedicare
453 2145 583 2204 solebant
596 2146 639 2223 fl.
654 2148 695 2204 dd
705 2149 760 2205 boc
768 2149 1008 2225 antiquissimum,
1051 2143 1212 2221 adstringi,
1229 2146 1293 2204 fieri
1306 2167 1364 2204 non
1379 2149 1473 2225 potuit
1487 2150 1558 2225 quin
1577 2150 1661 2206 etiam
1683 2151 1821 2209 orationis

238 2246 269 2288 ut
284 2233 408 2302 videtur,
418 2234 604 2292 donariorum
614 2255 703 2310 genus
713 2239 845 2314 proxime
858 2236 1009 2294 accedebat
1052 2231 1168 2306 quidam
1183 2247 1301 2291 ornatus
1316 2234 1476 2304 accederet,
1492 2235 1576 2310 cujus
1589 2248 1691 2292 natura
1704 2249 1732 2294 et
1748 2237 1822 2294 ratio

238 2321 333 2389 aliud,
351 2319 419 2378 huic
437 2335 607 2396 cognatum,
632 2343 720 2399 quum
739 2326 863 2381 victores
886 2325 1006 2400 praemia
1052 2318 1092 2374 ita
1115 2318 1239 2389 serebat,
1262 2333 1295 2378 ut
1323 2321 1407 2378 nudae
1429 2323 1472 2379 rei
1495 2322 1670 2398 expositioni
1696 2323 1823 2381 vividior

238 2407 267 2463 in
282 2405 408 2483 publicis
422 2409 644 2480 certaminibusy
664 2431 727 2487 quae
741 2424 770 2466 et,
787 2411 851 2488 ipsa
866 2410 920 2468 sub
938 2409 1007 2468 deo.
1052 2407 1202 2464 senlenllae
1224 2408 1270 2464 Vis
1295 2409 1470 2466 succederet.
1516 2410 1599 2478 Qlloll
1625 2410 1715 2484 magis
1737 2411 1822 2468 etiam

238 2515 301 2550 mun
323 2495 411 2553 tutela
427 2489 524 2569 eram,
549 2499 714 2574 proposita,
737 2498 884 2576 tripodas,
901 2497 1008 2556 lebetas
1052 2505 1111 2548 tum
1130 2492 1230 2550 debuit
1247 2495 1325 2566 lieri,
1349 2516 1437 2572 quum
1462 2497 1588 2571 elegiaca
1608 2497 1731 2554 disticha
1755 2497 1823 2554 huic

237 2595 266 2639 et
290 2583 319 2640 id
344 2603 434 2658 genus
457 2586 529 2656 alia,
550 2586 607 2644 diis
632 2601 847 2660 consecrarent,
873 2588 958 2645 simul
978 2601 1009 2644 ut
1052 2577 1094 2632 fel
1109 2589 1203 2634 θῦδθῦῑ
1217 2577 1358 2638 adhibita.
1401 2579 1496 2649 Quum
1511 2583 1589 2639 essim
1610 2583 1666 2639 hoc
1686 2601 1822 2640 versuum

238 2672 311 2744 grati
339 2673 431 2730 animi
457 2670 695 2747 significationem
721 2675 837 2746 darent,
864 2676 950 2733 simul
978 2689 1009 2733 ut
1029 2688 1033 2712 ¹
1053 2683 1142 2739 genus
1170 2665 1306 2744 511’θΡῙῑθῐ1
1338 2667 1552 2743 qU⁰ll³s¹¹¹¹¹⁰d0
1579 2669 1695 2740 0ffi⁰l³b
1721 2683 1823 2747 εῬθῐῐῖθ

238 2759 406 2815 memoriam
420 2759 551 2817 victoriae
562 2762 638 2838 apud
651 2762 781 2819 homines
795 2775 1005 2822 conservarent.

238 2845 309 2902 Cum
332 2845 438 2921 quibus
459 2847 573 2905 duobus
601 2849 754 2923 generibus
775 2849 1006 2925 conjungendum

238 2943 281 2987 est
294 2932 421 3002 tertium,
434 2933 688 2992 instrumentorum
699 2937 886 3006 consecratio,
903 2935 1008 3012 quibus

239 3018 304 3092 quis
319 3020 350 3074 in
372 3033 437 3092 arte¹
450 3033 499 3077 aut
509 3021 627 3098 opificio
646 3041 714 3080 usus
736 3023 844 3094 luerat,
864 3043 1007 3081 armorum

238 3107 389 3182 inprimis,
404 3107 510 3184 quibus
525 3129 598 3186 saepe
620 3110 738 3167 salutem
758 3130 838 3168 suani
854 3111 1006 3183 debuerat,

239 3193 419 3271 aliorumque
433 3215 514 3271 qnae,
536 3216 624 3272 quum
640 3209 688 3253 aut
703 3198 786 3254 annis
799 3211 827 3254 et
840 3211 920 3256 aetate
941 3219 1009 3255 con-

241 3281 330 3339 sectus
349 3281 384 3339 ab
401 3302 488 3360 opere
501 3283 632 3341 faciendo
650 3297 788 3354 cessaret,
809 3286 908 3342 autad
931 3287 1009 3344 aliud

239 3369 305 3425 vitae
317 3389 406 3444 genus
418 3372 567 3437 transiret,
579 3371 716 3428 laudabili
727 3373 831 3448 pictate
845 3373 877 3430 in
890 3375 1005 3450 templo·

239 3476 302 3512 rum
325 3456 476 3515 vestibulis
491 3477 694 3516 consenescere
718 3480 803 3536 quarn
825 3461 947 3519 sortunae
961 3482 1010 3522 ca-

238 3543 319 3601 sibus
333 3543 425 3621 objici
439 3545 571 3607 malebat.

279 3630 330 3688 llis
353 3632 501 3703 donariis,
527 3648 678 3711 postquam
701 3635 793 3693 literae
812 3637 843 3694 in
868 3657 923 3696 usu
949 3659 1010 3698 esse

240 3733 398 3794 ceperunt,
412 3721 617 3798 inscriptiones
631 3736 697 3781 sunt
706 3725 819 3799 additae,
831 3728 1010 3785 brevissimae

240 3805 297 3860 illae
312 3807 436 3882 primum
449 3811 517 3866 etin
535 3811 702 3870 nominibus
715 3832 745 3870 se
762 3815 951 3886 continentes,
964 3818 1009 3874 in-

242 3891 351 3947 terdum
364 3894 465 3965 etiam,
478 3895 502 3952 si
521 3915 566 3955 res
582 3899 622 3954 ita
637 3899 739 3970 ferret,
757 3899 918 3977 rhythmice
932 3904 1009 3960 ince-

241 3977 357 4048 dentes,
374 3979 492 4038 beroico
514 3985 696 4060 potissimum
712 4007 844 4062 numero,
868 3989 903 4046 ad
925 4011 1008 4066 quem

243 4077 341 4139 postea
351 4080 527 4142 pentameter
536 4074 668 4144 accessit,
678 4074 803 4150 primum
817 4077 893 4153 apud
910 4077 1008 4148 lones,

242 4167 301 4209 tum
325 4155 409 4210 etiam
425 4157 500 4232 apud
516 4158 596 4216 alios.
614 4160 655 4214 dd
674 4162 776 4238 priscae
794 4163 873 4221 illius
892 4185 1010 4224 consue-

242 4239 352 4298 tudinis
377 4242 587 4319 simplicitatem
620 4249 809 4324 compositum
835 4255 1011 4328 epigramma

242 4327 335 4402 ‹prud,
352 4327 388 4385 ab
409 4331 616 4405 impostoribus
639 4337 738 4410 procul
762 4336 868 4412 dubio,
891 4339 1010 4414 Amphi-

243 4416 354 4489 tryonis
368 4437 451 4493 quem
468 4419 609 4478 vocabant
629 4424 736 4499 tripodi
753 4425 885 4484 Cadmeis
909 4427 1011 4484 litteris

242 4505 416 4578 insculptum
431 4505 540 4566 Thebis
562 4509 592 4565 in
612 4511 717 4586 ternplo
734 4513 879 4588 Apollinis
895 4514 1010 4572 lsmenii

244 4588 406 4649 llerodotus
425 4593 536 4652 viderat
551 4597 600 4672 (V,
615 4597 665 4673 59)
685 4619 691 4652 ι

302 4731 439 4794 Ἀμφιτρύων
453 4738 478 4795 μ’
490 4735 599 4792 ἀνέθηκεν
609 4738 652 4784 ἰὼν
667 4737 713 4786 ἀπὸ
725 4739 873 4800 Τη).εὸοαὶων,

244 4857 271 4900 ct
283 4843 353 4901 illud
371 4846 449 4922 quod
466 4847 605 4923 Virgilius
621 4851 656 4909 ud
670 4853 788 4909 candem
804 4857 941 4912 rationem
958 4857 1010 4914 sm·

244 4931 287 4987 xit
311 4931 347 4990 ab
370 4933 453 4992 AEnea
468 4936 499 4992 in
519 4936 638 4996 leucate
658 4940 753 5016 clipeo
777 4940 896 5001 Abantis
911 4945 1011 5002 inscri-

244 5021 450 5101 pnun1(286):

275 5197 307 5254 ι’)
324 5196 428 5258 discbyl.
444 5203 527 5261 agam.
538 5206 583 5250 550
593 5215 670 5265 seqq,
686 5207 750 5268 Sept.
763 5219 785 5254 c.
796 5203 871 5256 Theb.
883 5213 927 5258 tao
943 5221 1013 5272 seqq.

1012 5319 1057 5376 xl]

1053 2766 1245 2829 exspectatur,
1258 2767 1290 2810 ut
1300 2754 1383 2812 docta
1400 2758 1522 2831 quadam
1540 2757 1687 2814 sententiaa
1705 2758 1821 2814 confor-

1054 2839 1179 2896 matione
1195 2853 1283 2897 totum
1302 2841 1393 2914 illud,
1405 2843 1483 2918 quod
1497 2863 1578 2901 aures
1592 2845 1621 2900 in
1636 2843 1746 2900 heroici
1759 2863 1823 2901 ver·

1053 2945 1102 2984 sus
1116 2947 1180 2985 cum
1198 2941 1376 3006 pentametro
1390 2932 1574 3008 copulatione
1591 2951 1655 2990 cum
1677 2933 1823 3010 voluptate

1054 3013 1196 3085 sentiunt,
1217 3017 1302 3072 etiam
1328 3019 1425 3075 animo
1449 3031 1478 3076 et
1508 3031 1602 3075 mente
1639 3019 1822 3096 percipiatur.

1053 3101 1148 3168 Quare
1162 3115 1271 3159 mature
1296 3104 1457 3162 factumest
1484 3119 1516 3162 ut
1540 3105 1658 3180 elegiaci
1681 3121 1771 3182 poetae
1795 3123 1823 3166 et

1054 3187 1168 3262 singula
1183 3189 1306 3247 disticha
1319 3205 1348 3248 et
1357 3191 1493 3266 periodus
1508 3213 1544 3248 ex
1556 3193 1688 3250 distichis
1702 3213 1822 3270 compo—

1054 3275 1122 3332 sitas
1145 3295 1341 3351 saepenumero
1369 3279 1515 3338 luculenta
1537 3280 1660 3356 quadam
1685 3282 1824 3339 sententia

1053 3377 1101 3419 aut
1119 3364 1211 3421 verbo
1236 3366 1441 3424 concluderent
1466 3368 1543 3442 quod
1559 3368 1677 3441 legentis
1697 3369 1823 3426 animum

1053 3463 1194 3526 pungeret
1209 3465 1237 3508 et
1259 3465 1377 3514 teneret.
1441 3453 1505 3522 Quo
1531 3454 1651 3513 brevius
1674 3470 1767 3514 autem
1782 3472 1825 3515 est

1053 3556 1178 3606 cannen,
1194 3558 1228 3595 co
1239 3540 1329 3612 magis
1342 3541 1500 3617 requiritur
1513 3542 1663 3616 ingeniosa
1676 3544 1823 3601 sententiae

1054 3625 1220 3696 conversio,
1236 3639 1285 3682 aut
1305 3641 1478 3704 preceptum
1506 3628 1540 3685 ad
1561 3629 1648 3685 vitam
1663 3629 1750 3699 utile,
1775 3645 1824 3687 aut

1056 3712 1153 3785 gravis
1167 3713 1297 3788 quadam
1319 3727 1347 3770 et
1362 3715 1494 3772 soecunda
1514 3713 1617 3790 γνώμη,
1642 3729 1691 3772 aut
1708 3721 1825 3774 omnino

1056 3801 1134 3874 quod
1149 3801 1232 3875 quasi
1246 3801 1375 3858 aculeum
1396 3803 1426 3858 in
1450 3803 1546 3860 animo
1568 3805 1721 3881 relinquat.
1777 3805 1825 3862 Sic

1055 3887 1151 3962 itaque
1173 3887 1395 3964 epigrammata,
1429 3891 1555 3964 primum
1589 3891 1735 3962 donariis,
1765 3905 1824 3949 turn

1055 3975 1248 4031 monumentis
1271 3975 1479 4052 sepulcralibus
1488 4021 1497 4051 ,
1511 3977 1616 4034 tabulis
1634 3979 1751 4049 votivis,
1768 3992 1824 4035 sta·

1055 4061 1128 4131 tuis,
1143 4060 1234 4135 signis
1247 4061 1369 4138 aliisque
1381 4061 1467 4120 rebus
1479 4063 1619 4135 adhibita,
1630 4085 1694 4122 cum
1710 4079 1827 4122 externa

1053 4149 1190 4207 carminis
1213 4149 1306 4206 sorma
1327 4163 1457 4206 naturam
1474 4171 1591 4226 quoque
1613 4152 1751 4208 carminis
1777 4153 1827 4208 in-

1053 4235 1189 4293 duebant.
1232 4236 1328 4313 Neque
1351 4249 1445 4294 tamen
1468 4237 1524 4294 boc
1549 4239 1589 4296 ita
1609 4240 1693 4295 velim
1717 4239 1826 4316 accipi,

1054 4329 1136 4399 qttasi
1158 4324 1187 4382 id
1201 4324 1279 4400 quod
1296 4324 1327 4382 in
1345 4325 1400 4382 boc
1424 4343 1528 4400 genere
1546 4325 1689 4403 poeticum
1703 4339 1764 4397 est,
1783 4337 1828 4385 to·

1055 4421 1113 4465 tum
1141 4409 1178 4466 ab
1200 4423 1318 4466 externa
1338 4408 1402 4486 ejus
1430 4411 1522 4468 forma
1548 4412 1738 4470 derivandum
1765 4431 1827 4470 esse

1055 4497 1227 4554 existimem.
1290 4496 1360 4555 Nam
1376 4497 1407 4554 in
1431 4497 1518 4557 rebus
1532 4517 1648 4576 quoque
1668 4499 1744 4571 illis,
1763 4519 1828 4576 quae

1054 4583 1268 4658 epigrammatis
1288 4585 1498 4644 concinnandis
1513 4587 1758 4663 opportunitatem
1774 4586 1824 4643 da-

1056 4667 1136 4742 bant,
1154 4683 1291 4746 quantum
1307 4673 1400 4729 inerat
1413 4673 1449 4730 ad
1467 4673 1598 4750 pietatis,
1616 4673 1825 4744 admirationis,

1056 4758 1129 4830 grati
1154 4759 1244 4816 animi
1268 4779 1383 4818 sensum
1414 4761 1616 4832 excitandum,
1647 4782 1705 4837 qno
1738 4782 1827 4837 anrm

1055 4845 1205 4903 incalescit
1219 4861 1337 4924 pectus,
1353 4860 1456 4924 sponte
1477 4867 1599 4926 poeseos
1620 4849 1666 4905 vis
1687 4861 1715 4906 et
1730 4849 1826 4905 lumen

1055 4934 1213 4991 enascitur!
1241 4954 1327 5011 quam
1353 4937 1455 4992 crebro
1487 4950 1555 4992 vota
1580 4955 1643 4994 cum
1669 4937 1826 5009 gratiarum

1057 5023 1186 5093 actione,
1201 5043 1301 5097 preces
1321 5043 1384 5080 cum
1407 5023 1514 5080 laetitiae
1536 5025 1747 5100 significatione
1761 5022 1829 5098 jun·

1057 5110 1156 5185 gendae
1165 5117 1263 5168 erant!
1278 5131 1362 5188 quam
1375 5113 1478 5169 acriter
1490 5131 1565 5190 saepe
1579 5131 1674 5168 rerum
1689 5113 1828 5187 ipsarum.

1059 5199 1167 5273 quibus
1181 5198 1339 5258 addebatur
1361 5199 1529 5276 inscriptio,
1551 5213 1707 5259 utstatim.
1725 5197 1842 5256 tabulae¹
