4018 5938
563 486 684 550 capul
704 487 726 546 l.
748 482 973 547 CHRlS‘llANh
990 481 1295 545 EPlGliAlliMh'lli.¹

92 631 106 670 ε
134 613 202 674 ’leot
217 614 267 694 γάρ
281 602 353 681 αὖθις
366 615 477 695 Χριστός
488 616 659 692 εἶκονισμένος

133 703 233 778 λάμπει
247 703 311 782 πρός
324 701 386 780 ὕψος
400 707 446 773 τῆς
459 703 585 783 καθέδρας
598 709 644 762 τοῦ
659 703 784 784 κράτρυς,

132 791 178 848 καὶ
191 789 238 858 τόις
251 791 381 858 σκοτεινάς
392 789 502 869 αἱρέσεις
515 791 661 871 ἀνατρέπει.

133 881 190 948 Τῆς
206 878 304 938 εἰσόδου
317 879 340 936 δ’
351 877 469 958 ὕπερθεν,
482 881 517 945 ὡς
529 878 583 937 θεία
592 879 676 952 πάλη,

133 967 350 1046 στηλογραρεῑται
362 966 407 1025 καὶ
419 965 528 1046 ρόλαξὴ
544 965 694 1047 Παρθένος,

77 1065 105 1103 10
135 1050 200 1120 ἄναξ
212 1051 237 1109 δέ
252 1052 295 1110 καὶ
308 1052 430 1132 πρόεδρος
441 1056 475 1118 ὥς
488 1053 662 1130 πλανοτρόποι

134 1137 183 1196 σθν
197 1147 248 1205 τοῖς
260 1149 389 1218 συνεργοῖς
401 1143 563 1218 ἱστοροῦνται
576 1141 696 1210 πλησίον·

133 1227 223 1306 κύκλῳ
236 1226 262 1285 δὲ
277 1228 374 1292 παντὸς
388 1219 430 1286 οἷα
445 1227 548 1308 ρρουροὶ
563 1233 607 1286 τοῦ
622 1228 719 1305 δόμου,

131 1312 201 1385 νόες,
217 1314 349 1391 μαθηταί,
363 1315 505 1394 μάρτυρες,
517 1315 640 1386 θυηπόλοι
647 1361 657 1387 ,

132 1398 190 1458 ὅθεν
205 1403 335 1476 καλοῦμεν
349 1401 571 1480 χριστοτρίκλινον
582 1401 648 1474 νέον,

77 1499 106 1537 lt
131 1486 178 1545 τὸν
192 1489 252 1569 πρὶν
264 1487 379 1566 λαχόντα
394 1488 510 1558 κλήσεως
519 1490 705 1568 χρυσωνόμου,

131 1581 168 1643 ὡς
181 1577 225 1635 τὀν
239 1577 326 1658 θρόνον
342 1578 434 1656 ἔχοντα
449 1581 562 1658 Χριστοῦ
576 1577 681 1656 κυρίου,

132 1667 248 1743 Χριστοῦ
262 1666 289 1724 δὲ
304 1665 417 1746 μητρὸς,
430 1665 643 1744 χριστοκηριίκων
655 1665 764 1738 τύπους,

132 1753 179 1811 καὶ
192 1757 237 1810 τοῦ
250 1757 392 1832 συρουργοθ
408 1752 518 1831 Μιχαὴλ
532 1754 579 1824 τὴν
594 1752 689 1814 εἰκόνα.
745 1815 748 1824 ,

297 1897 351 1943 lot.
368 1893 407 1949 Ελς
415 1894 455 1942 τὸν
465 1893 533 1942 αὐτὸν
544 1892 740 1957 χρυσοτρίιιλινον.

133 2015 181 2082 Ὦς
194 2017 243 2087 τὴν
254 2015 361 2097 φαεινὴν
370 2013 443 2086 ἀξίαν
454 2020 499 2086 τῆς
513 2016 608 2084 εἰκόνος

134 2107 181 2172 τῆς
191 2103 253 2179 πρὶν
265 2103 410 2183 ρυλάττιιίν,
425 2103 536 2182 Μιχαὴλ
550 2104 731 2183 αὐτοκράτωρ,

134 2195 236 2269 κρατῶν
246 2215 275 2249 τε
289 2191 393 2251 πάντων
407 2195 537 2270 σαρκικῶν
548 2190 731 2267 μολυσμοίτων,
786 2219 790 2228 ·

135 2277 291 2346 έξεικονίζεις
306 2277 349 2364 κα)
361 2281 448 2357 γραρῇ
460 2278 502 2337 τὸν
514 2279 652 2350 δεσπότην,

135 2364 203 2444 ἔργῳ
216 2365 349 2442 κρατύνων
364 2363 423 2431 τοὺς
434 2365 524 2443 λόγους
538 2369 588 2422 τῶν
602 2365 748 2442 δογμάτων.

337 2507 387 2554 loe.
398 2504 533 2554 ’Δδίσποτον
543 2505 574 2559 εἰς
583 2506 622 2552 τὸν
632 2503 709 2565 Ἀδάμ.

135 2627 176 2690 Οὐ
192 2623 283 2704 σοφίης
295 2625 436 2684 ἀπάνευθεν
451 2623 534 2702 Ἀδὰμ
545 2624 575 2683 τὸ
586 2625 646 2704 πρὶν
659 2625 790 2694 ίκαλεῖτο,

133 2713 249 2790 τέσσαρα
263 2713 397 2791 γράμματ’
410 2712 478 2792 ἔχων
492 2714 525 2778 εἷς
536 2711 649 2790 τέσσαρα
662 2710 777 2788 κλίματα
789 2709 899 2786 κόσμου,

133 2797 220 2878 Ἀλρα
234 2799 284 2879 γὰρ
299 2801 416 2870 ἀντολίης
428 2799 530 2878 ἔλαχεν·
541 2799 635 2865 δόσεως
647 2798 714 2858 δὲτὸ
725 2799 825 2867 Δέλτα,

133 2885 221 2967 Ἀλρα
233 2891 312 2946 πάλιν
327 2887 349 2944 δ’
361 2891 480 2966 άρκιοιο,
493 2885 657 2965 μεσημόρίης
668 2885 694 2945 δὲ
704 2885 733 2944 τὸ
743 2885 840 2942 λοιπόν.

389 3041 454 3090 ιον.
478 3029 654 3090 ΙΓΝΑΊῚΟΥ

299 3169 341 3212 τοῦ
354 3163 501 3226 Μαγίστορος
512 3169 558 3212 τῶν
569 3167 746 3226 γραμματικῶν.

198 3235 240 3290 Εἰς
248 3235 287 3284 τὸν
296 3235 351 3283 ναόν
359 3240 400 3293 τῆς
411 3234 526 3295 παναγίας
538 3235 654 3284 θιατόκον
665 3236 696 3288 εἰς
710 3235 751 3292 τὴν
764 3233 848 3296 πηγήν.

137 3367 282 3428 Πτωθέντα
294 3367 389 3442 κοσμεῖ
401 3367 444 3424 τὸν
457 3366 516 3425 ναὸν
529 3372 576 3438 τῆς
591 3365 726 3443 Παρθένου

66 3499 72 3506 -
136 3453 275 3521 Βασίλειός
288 3478 316 3512 τε
331 3453 380 3536 σὺν
391 3454 578 3535 Κωνσιαντίνιρ
591 3452 675 3513 Λέων.

201 3601 252 3644 llo.
268 3597 307 3650 Εἰς
316 3595 355 3642 τόν
368 3594 437 3643 αὐτὸν
447 3597 479 3650 εἰς
489 3595 528 3644 τὸν
537 3595 654 3656 τροῦλλον,
664 3594 687 3642 ἐν
697 3599 724 3656 τῇ
733 3593 853 3656 ἀναλήψει,

137 3715 191 3775 Ἐκ
200 3717 248 3792 γῆς
260 3712 372 3770 ἀνελθὼν
383 3713 507 3792 πατρικόν
521 3735 566 3772 σου
578 3712 639 3789 πρὸς
652 3713 752 3792 θρόνον,
782 3770 785 3776 ,
829 3707 836 3724 ’

136 3805 184 3862 τὸν
198 3801 323 3879 μητρικόν
338 3823 397 3871 σου,
413 3804 509 3878 σῶτερ,
520 3791 588 3858 οἶκον
604 3802 725 3867 δεικνύεις

136 3891 227 3969 πηγὴν
242 3887 336 3959 νοητὴν
351 3888 502 3965 κρειττόνων
516 3891 697 3976 χαρισμάτων.

256 4033 306 4077 111.
321 4030 361 4076 Ἐν
373 4032 407 4088 τῷ
419 4027 483 4088 αὐτῷ
492 4034 553 4090 ναῷ,
565 4029 596 4084 εἰς
608 4030 649 4086 τὴν
658 4029 797 4090 σταύρωσιν.

136 4156 173 4216 Ὁ
189 4156 276 4234 νεκρός
286 4153 367 4237 ᾍδης
381 4151 466 4229 ἐξεμεῖ
476 4151 630 4224 τεθνηκότας
640 4199 648 4226 ,

136 4247 265 4321 κάθαρσιν
280 4242 360 4320 εὑρὼν
376 4243 461 4318 σάρκα
476 4240 523 4308 τὴν
537 4245 582 4296 τοῦ
599 4239 734 4298 δεσπότου.

227 4389 277 4432 lla.
294 4383 334 4438 Εἰς
343 4382 383 4430 τόν
395 4381 464 4430 αὐτὸν
476 4383 539 4440 ναὸν,
550 4383 582 4438 εἷς
591 4383 829 4444 τὴνμειαμόρρωσιν.

137 4509 256 4586 Λάμψας
267 4510 280 4563 ό
293 4503 405 4582 Χριστὸς
417 4507 443 4562 ἐν
455 4501 556 4581 θαθὼρ
568 4503 650 4582 ρωτθς
661 4504 750 4582 πλέον,

136 4595 216 4653 σκιάν
232 4593 352 4650 πέπαυκε
366 4595 411 4648 τοῦ
426 4591 586 4649 παλαιτάτου
602 4591 690 4666 νόμου.
730 4653 732 4658 ,

272 4739 325 4782 113.
336 4732 375 4780 Ἐν
385 4737 418 4794 τῷ
428 4732 493 4794 αὐτῷ
505 4735 567 4793 ναῷ,
580 4733 611 4787 εἰς
620 4733 661 4788 τὴν
670 4734 779 4789 θπαντήν.

139 4856 291 4934 Ὁρώμενος
303 4861 349 4912 νῦν
365 4855 440 4934 χερσὶ
454 4853 598 4932 πρεσθότου
615 4855 706 4933 βρέφος
725 4873 728 4884 ·

137 4944 251 5011 παλαιός
267 4947 321 5002 ε’στι
337 4943 490 5022 δημιουργὸς
505 4944 556 5000 τῶν
570 4941 682 5020 χρόνων.

281 5087 330 5133 ill.
347 5087 386 5132 Ἐν
395 5088 429 5146 τῷ
439 5085 501 5145 αὐτῷ
512 5087 574 5146 ναῷ,
585 5084 616 5138 εἰς
626 5083 779 5146 χαιρετισμὸν.

141 5207 315 5288 Προοιμιόζει
328 5206 455 5284 κοσμικὴν
470 5207 612 5288 σωτηρίαν,

949 625 1012 672 Eoos
1024 621 1089 672 enlm
1097 621 1178 672 denuo
1188 621 1300 672 Christus
1311 621 1549 686 imagine-expressus

951 711 1027 774 fulget
1039 710 1064 759 in
1075 711 1274 774 superiore-parte
1284 709 1365 761 throni
1381 711 1523 776 imperialis,

949 801 974 848 et
984 797 1113 862 caligantes
1120 796 1225 848 haereses
1235 799 1344 860 dissipat.

949 886 1053 934 introitu
1065 887 1149 935 autem
1159 897 1240 948 super,
1252 887 1319 935 velut
1329 885 1410 936 diuina
1419 889 1487 950 porta
1497 925 1503 948 ,

950 971 1076 1022 exhibetur
1085 975 1110 1022 et
1122 973 1205 1022 custos
1219 971 1300 1036 Virgo,

950 1062 1079 1125 imperator
1089 1075 1148 1112 vero
1155 1075 1188 1111 ac
1200 1074 1292 1124 preses
1303 1063 1330 1111 ut
1342 1063 1570 1114 erroris-domitores

950 1163 1007 1199 oum
1018 1149 1091 1200 sooiis
1101 1149 1181 1212 operis
1192 1151 1482 1214 repraesentanturjurta3

951 1235 1064 1298 droaque
1074 1235 1151 1285 totius
1163 1235 1232 1285 velut
1240 1234 1355 1284 custodes
1364 1236 1465 1294 domus,

951 1322 1063 1385 spiritus,
1075 1322 1199 1386 discipuli,
1211 1325 1341 1384 martyres,
1351 1321 1501 1383 sacerdotes,

950 1408 1016 1458 uude
1024 1421 1141 1458 vocamus
1150 1407 1381 1457 Christotrioliuium
1392 1421 1483 1456 norum

951 1496 1017 1560 quod
1026 1497 1093 1560 prius
1103 1497 1207 1547 obtinuit
1216 1497 1397 1560 appellationem
1407 1495 1437 1544 ah
1446 1495 1615 1558 auri-nomine,

952 1583 1020 1632 velut
1029 1581 1143 1631 thronum
1156 1580 1339 1644 quod-possidet
1348 1581 1438 1632 Christi
1449 1581 1553 1644 domini,

952 1671 1090 1734 Christique
1101 1673 1185 1722 matris
1192 1661 1203 1732 ‚¹
1212 1671 1301 1722 Christi
1314 1685 1453 1734 praeoonum
1462 1675 1541 1736 typos,

952 1763 977 1811 et
988 1761 1218 1824 sapientisauotoris
1227 1761 1352 1812 Michaelis
1360 1761 1495 1826 imaginem.

1110 1903 1153 1946 101.
1168 1905 1195 1946 lu
1205 1901 1264 1946 idom
1274 1903 1492 1956 elrmsoiriolinlum.

953 2025 986 2074 ut
995 2024 1149 2092 splendidum
1156 2024 1271 2074 honorem
1280 2025 1390 2089 imaginis

953 2111 1061 2172 pristinae
1073 2124 1229 2172 conservans,
1243 2111 1344 2162 michael
1353 2112 1491 2176 imperator,

952 2197 1078 2261 victorque
1090 2199 1198 2248 omnium
1211 2198 1342 2248 camaliam
1351 2201 1513 2262 macularum,

953 2287 1112 2349 repraesentas
1121 2288 1147 2336 et
1155 2285 1251 2362 pictura
1260 2287 1389 2336 Dominum
1397 2325 1403 2348 ,

953 2385 980 2422 re
989 2371 1133 2422 confirmans
1142 2372 1217 2422 rerba
1225 2372 1373 2436 dogmatum.

1176 2515 1221 2557 res.
1242 2517 1381 2566 tuonsmum
1393 2515 1415 2558 ln
1427 2513 1506 2559 Adam.

954 2636 1006 2684 lt'on
1017 2635 1109 2697 absque
1119 2635 1236 2698 sapientia
1245 2635 1320 2689 Adam
1330 2635 1387 2685 olim
1397 2637 1499 2685 vocatus
1509 2636 1568 2697 luit,

954 2725 1059 2786 quatuor
1069 2723 1150 2776 literas
1162 2723 1254 2774 habeus
1263 2723 1295 2773 ad
1304 2726 1410 2785 quatuor
1422 2723 1520 2774 elimata
1528 2725 1612 2774 mundi
1626 2741 1633 2770 :
1714 2729 1718 2742 ¹

955 2810 1033 2874 Alphe
1042 2811 1105 2860 enim
1118 2811 1213 2861 abortu
1222 2811 1338 2872 obtinuit,
1349 2825 1437 2861 occasu
1447 2827 1505 2862 vero
1514 2815 1597 2877 Delta,

955 2898 1081 2980 alpinosque
1090 2913 1175 2949 mrsus
1184 2899 1215 2949 ab
1225 2911 1296 2960 ursa,
1309 2899 1339 2948 ab
1349 2899 1516 2950 meridianem
1525 2902 1649 2965 reliquam.

1247 3059 1298 3105 109.
1315 3057 1433 3105 leriam

1186 3168 1284 3222 llagislrl
1294 3171 1499 3224 grammaticorum.

1140 3247 1166 3289 ln
1177 3246 1293 3291 ecclesiam
1304 3247 1402 3302 Πείραιε
1412 3248 1439 3290 αθ
1453 3245 1545 3293 1οιι1οιιι.

956 3381 1079 3444 Dilapsam
1089 3383 1158 3430 ornat
1166 3382 1294 3430 ecelesiam
1303 3381 1408 3444 Virginis

957 3469 1061 3518 Basilius
1069 3472 1094 3518 et
1103 3481 1160 3518 cum
1170 3469 1327 3518 constantino
1337 3471 1392 3517 Leo.

1050 3608 1095 3650 llo.
1106 3609 1132 3650 ln
1145 3604 1222 3651 eadem
1237 3607 1259 3650 in
1273 3607 1353 3659 trullo,
1365 3607 1388 3649 in
1405 3605 1480 3650 tabula
1490 3608 1640 3653 Αεσειιιίοιιῐι.

957 3727 976 3772 Ε
987 3727 1052 3773 terra
1060 3735 1188 3785 assurgens
1199 3723 1304 3785 patrium
1317 3721 1353 3769 tui
1368 3720 1399 3768 ad
1409 3719 1531 3780 thronum,

957 3814 1090 3861 maternam
1099 3809 1148 3874 tui,
1160 3810 1276 3866 salrator,
1287 3807 1385 3856 domum
1395 3807 1502 3856 ostendis

960 3901 1050 3948 iontem
1059 3896 1247 3946 intellectualem
1257 3893 1451 3956 praestantiorum
1461 3893 1587 3944 donorum.

1090 4038 1135 4079 111.
1148 4039 1173 4078 ln
1186 4035 1262 4079 erilem
1273 4036 1373 4086 ecclesia,
1384 4035 1406 4078 in
1417 4037 1597 4082 crucifixionem.

958 4163 1069 4210 Mortuus
1081 4161 1159 4208 Oreus
1172 4159 1262 4207 oromit
1272 4162 1394 4218 mortuos,

957 4248 1123 4310 purgationem
1134 4247 1276 4309 qui-ceperit
1286 4259 1381 4294 earnem
1394 4246 1496 4294 Domini.

1065 4388 1109 4430 112.
1126 4388 1149 4428 ln
1162 4384 1239 4428 eadem
1250 4385 1353 4435 ecclesia,
1364 4385 1387 4426 in
1399 4382 1633 4437 transfigurationem.

930 4492 933 4500 ⁵
959 4507 1121 4571 Resplendens
1131 4505 1243 4554 Christus
1253 4505 1275 4553 in
1285 4503 1382 4553 Thabor
1391 4505 1445 4554 lui-s
1454 4506 1530 4567 magis

961 4598 1069 4664 unrhram
1079 4595 1183 4644 alrolevit
1193 4593 1281 4642 sotoris
1290 4593 1357 4656 legis.

1118 4736 1164 4777 115.
1175 4739 1202 4777 ln
1213 4733 1291 4777 eadem
1302 4734 1402 4782 eeclesia,
1413 4735 1434 4776 ln
1445 4737 1575 4778 occursum.

961 4862 1007 4916 Qui
1018 4861 1123 4907 cernitur
1132 4871 1195 4904 nuno
1205 4857 1228 4904 in
1238 4855 1349 4904 manibus
1360 4855 1423 4904 senis
1433 4857 1550 4919 puerulus

962 4947 1078 5008 antiquus
1090 4947 1128 4995 ost
1141 4943 1271 4993 fabricator
1282 4947 1425 5006 temporum.

1102 5093 1147 5134 111.
1159 5094 1183 5134 ιιι
1193 5089 1268 5134 aedom
1279 5091 1380 5143 aculeata,
1393 5091 1415 5133 in
1427 5090 1593 5135 Salutationem.

964 5214 1083 5263 l‘rmlalur
1095 5215 1177 5263 nnimli
1188 5215 1290 5263 salutem
1349 5209 1352 5238 ¹
