3962 5936
253 383 311 441 tue

293 505 448 573 ἐξεσάλαξας
464 507 526 579 θλην
542 507 637 581 θάμόεῖ
650 509 803 588 ραντασίην,

252 595 296 651 καὶ
311 594 430 674 τρομέω,
445 595 539 673 κραδίη
553 621 580 656 τε
598 601 667 676 βυθῷ
681 599 848 674 πελεμίζεται
863 601 975 682 οἴστρῳ,

291 685 376 761 ψυχῆς
390 683 546 759 πνιγομίνης
558 684 656 759 κύματι
670 685 806 766 κυπριδίῳ.

212 777 226 818 ⁵
253 770 321 829 Ἀλλ’
336 770 381 846 ἐμὲ
397 771 440 829 τὸν
455 771 566 848 ναυαγὸν
581 774 621 828 ἐπ’
634 773 752 848 ἠπείροιο
767 777 878 853 φανέντα

292 865 356 932 cois,
369 863 433 916 τεῶν
448 858 559 934 λιμένων
575 857 656 917 ἔνδοθι
670 859 808 935 δεξαμένη.

361 1009 430 1060 τοι.
455 1001 612 1060 uersor
633 970 914 1064 sirisnrnnror.

252 1141 304 1202 Ναὶ
317 1139 384 1218 τάχα
398 1141 551 1211 Ἰἀνταλεής
569 1141 716 1222 ἰλχερόντια
731 1143 841 1219 πήματα
856 1150 947 1216 ποινῆς

288 1230 421 1306 ἡμετέρων
439 1231 524 1308 άχὲων
540 1230 609 1288 ἐστὶν
622 1232 791 1311 ἐλαφρότερα.

248 1318 287 1376 Oi
299 1315 349 1394 γδιρ
365 1315 425 1372 ἰδὼν
442 1317 486 1376 σέο
500 1316 607 1387 κάλλος,
623 1317 760 1396 δπείργετο
769 1319 859 1400 χείλεα
873 1319 945 1396 μίξαι

195 1440 197 1448 =
286 1406 369 1484 χείλεί
382 1407 432 1483 σῷ,
447 1403 540 1485 ῥοθίων
553 1403 685 1486 ἁδροτέραν
697 1405 827 1479 καλύκων,

247 1495 383 1560 Τάνταλος
398 1494 599 1570 άκριτόδακρυς,
616 1493 807 1572 ὑπερτέλλοντα
821 1495 848 1554 δὲ
861 1496 954 1572 πέτρον

287 1583 387 1639 δείδιεν·
402 1581 469 1639 diti
485 1587 569 1640 θανεῖν
586 1581 703 1660 δεύτερον
719 1585 747 1640 οὗ
763 1581 880 1644 δύναται.
933 1649 937 1656 ι

247 1671 338 1747 Αὐτὰρ
352 1666 402 1746 ἐγὼ
415 1668 477 1736 ζωδς
490 1670 536 1744 μὲν
552 1667 600 1726 ἔδυν
616 1670 800 1747 κατατήκομαι
814 1672 924 1753 οἴστρῳ,

287 1759 315 1813 ἐκ
329 1758 355 1812 δ’Ι
367 1757 543 1836 θλιγοδρανίης
558 1757 603 1814 καὶ
618 1757 697 1838 μόρον
711 1759 785 1835 ἐγγὺς
797 1759 860 1837 ἔχω.

248 1909 314 1958 237.
327 1899 489 1958 arietet·
504 1900 717 1959 asteismos
732 1902 1020 1964 exellentius.

247 2041 340 2096 Πᾶσιν
356 2038 407 2116 ἐγὼ
421 2039 467 2110 τὴν
483 2039 561 2098 νύκτα
576 2040 729 2120 κινύρομαι·
745 2033 802 2124 Ιεύτε
818 2041 840 2100 δ’
854 2043 950 2122 ἐστάλθαι

262 2192 263 2195 ¹
284 2129 373 2206 ὄρθρος
387 2131 500 2187 ἐλινύσαι
514 2127 594 2208 μικρδι
609 2130 793 2210 χαριζόμενος,

245 2193 493 2294 άμριπερλτρύζουσι
507 2219 651 2296 χελιδόνες,
667 2221 690 2286 ἐς
703 2218 730 2276 δέ
742 2242 774 2292 με
789 2220 871 2298 δάκρυ

286 2305 435 2381 βάλλουσιν,
448 2307 572 2383 γλυκερὸν
587 2311 664 2382 κῶμα
678 2308 876 2384 παρωσάμεναι.

206 2411 218 2449 ο
245 2390 376 2468 Ὀμματα
394 2393 418 2450 δ’
429 2393 481 2452 od*
497 2395 593 2452 λάοντα
607 2395 780 2472 φυλάσσεται·
795 2399 810 2465 ἡ
826 2395 853 2474 δὲ
868 2393 1008 2466 Ῥοδάνθης

285 2471 356 2547 αθθις
369 2485 439 2556 ἐμοῖς
451 2482 564 2560 στέρνοις
578 2483 679 2562 φροντὶς
693 2483 888 2562 ἀναστρέφεται.

243 2561 279 2628 Ὦ
295 2570 415 2649 φθονεραὶ
427 2569 561 2627 παύσασθε
575 2570 740 2650 λαλητρίδες·
755 2573 784 2627 οθ
800 2571 850 2648 γάρ
865 2571 946 2648 ἔγωγε

282 2658 329 2726 τὴν
344 2657 526 2731 Φιλομηλείην
538 2659 659 2735 γλῶσσαν
675 2658 866 2735 ἀπεθρισάμην·

244 2746 301 2804 ἀλλ’
315 2742 419 2806 Ἴτυλον
432 2746 546 2803 κλαίοιτε
562 2743 620 2802 κατ’
634 2748 710 2822 οὔρεα
720 2792 728 2817 ,
740 2747 785 2803 καὶ
799 2746 901 2822 γοάοιτε

205 2849 229 2885 ¹0
283 2836 317 2900 είς
331 2834 425 2898 ἔποπος
439 2833 554 2912 κραναὴν
570 2824 644 2890 edlu
659 2832 828 2912 ἐρεζόμεναι,

242 2919 316 2996 βαιὸν
328 2917 369 2976 θνα
385 2919 553 2993 κνύισσοιμεν
569 2922 630 2986 ἴσως
645 2919 673 2980 δέ
689 2945 726 2986 τις
740 2919 795 2992 ἥξει
807 2919 918 3001 ὄνειρος,
965 2908 969 2924 ⁸

281 3006 307 3074 θς
321 3030 354 3082 με
367 3006 539 3072 Ῥοδανθείοις
550 3007 663 3088 πήχεσιν
679 3008 835 3087 ἀμφιθάλοι.

360 3139 426 3209 2‘38.
449 3151 701 3210 sistit-tautum·
728 3150 894 3209 instet.

240 3293 279 3350 Τὸ
295 3289 361 3370 ξίρος
377 3293 406 3349 ἐκ
421 3293 520 3350 κολεοῖο
533 3291 558 3349 τί
570 3291 692 3370 σύρεται;
707 3293 736 3349 οθ
750 3289 787 3368 μδι
800 3291 845 3360 σὲ,
856 3289 956 3368 κούρη,

279 3381 327 3458 οὐχ
338 3379 381 3438 ίνα
398 3403 423 3438 τι
435 3381 526 3459 πράξω
543 3381 672 3460 Κύπριδος
685 3380 833 3460 α’λλότριον,
857 3377 860 3382 ’
976 3373 979 3380 ’

239 3469 296 3526 ἀλλ’
310 3465 352 3524 ἵνα
368 3491 408 3526 σοι
424 3469 467 3528 τδν
482 3469 582 3548 Ἄρηα,
596 3469 640 3527 καί
656 3468 764 3539 άζαλίον
777 3491 827 3548 περ
840 3468 929 3539 ἐόντα,

280 3555 354 3621 δείξειν
369 3561 400 3634 τῇ
415 3559 522 3636 μαλακῇ
538 3555 652 3636 Κύπριδι
666 3557 829 3632 πειθόμενον.

238 3633 321 3709 Olim:
337 3647 393 3718 ἐμοὶ
408 3644 526 3703 ποθέοντε
539 3646 716 3722 ουνέμπορος,
729 3644 787 3702 οὐδὲ
802 3643 948 3721 κατόπτρου

276 3731 398 3806 δεύομαι,
412 3735 437 3790 ἐν
450 3731 471 3789 δ’
484 3734 555 3812 αὐτῷ
570 3733 694 3810 δέρκομαι
708 3732 784 3791 αὑτὸν
801 3730 867 3807 ἐγώ·

236 3819 281 3878 καὶ
295 3819 375 3884 καλὸς
386 3821 420 3885 ὡς
435 3821 460 3876 ἐν
473 3819 560 3898 ἔρωτι.
575 3819 613 3878 Σίν
624 3823 647 3876 δ’
662 3816 694 3886 ἢν
706 3819 751 3875 ἀπ’
763 3821 835 3895 τ’μεῖο
847 3819 961 3889 λάθηαι,

527 4010 584 4058 αδδ.
608 4025 726 4072 sensnum.

233 4137 271 4185 Sic
285 4151 349 4194 reor,
361 4136 389 4184 ad
404 4137 494 4201 Stygius
507 4153 559 4200 (μου
574 4137 618 4185 lert
630 4137 692 4185 mala
702 4139 815 4186 Tantalus
825 4137 909 4193 undas,

267 4219 355 4267 Omnia
366 4229 421 4267 saint
435 4219 521 4268 nostris
534 4218 647 4268 iuferiora
657 4209 733 4267 malis.

232 4303 294 4350 Nam
308 4301 326 4349 si
341 4309 364 4348 te
377 4301 463 4361 sileat,
479 4300 550 4350 labris
565 4310 613 4356 tna,
628 4299 707 4355 credo,
718 4301 809 4348 sinatur

264 4387 370 4448 Tangere
382 4385 457 4446 lelna,
470 4386 556 4450 qsiilnrs
569 4387 637 4434 cedat
648 4393 673 4433 et
688 4385 738 4450 ipse
749 4401 811 4443 rosa,

231 4472 345 4519 Tantalus
359 4471 450 4519 iniciis.
464 4470 509 4521 Sed
521 4471 552 4518 ab
564 4469 718 4535 impendente
732 4467 836 4534 pavescit

264 4559 333 4619 liupe
346 4569 351 4602 :
368 4553 425 4617 (pisid
440 4553 504 4602 boe?
516 4554 603 4601 iterum
616 4569 670 4600 nam
679 4552 763 4616 nequit
772 4538 815 4600 ille
828 4550 897 4601 mori.

231 4641 274 4688 Ast
289 4651 331 4700 ego
344 4645 460 4701 perpetuo
472 4636 537 4683 sisne
551 4635 664 4700 depascor
678 4634 709 4682 ab
721 4634 784 4698 igne,

263 4724 293 4770 Et
308 4735 371 4768 uror-s
383 4717 470 4767 attritis
484 4718 571 4766 sirilms
587 4719 636 4784 ipsa
652 4733 726 4784 prope
739 4727 782 4767 est.

461 4859 517 4918 τδρ.
530 4873 642 4905 seersum
657 4871 783 4904 ossrunrs.

229 4989 306 5036 Nocte
317 5003 405 5052 qsieror
418 4995 466 5035 tota
484 5001 490 5034 t
506 4985 576 5034 simul
589 5001 615 5034 ae
627 4993 696 5049 capnt
715 4983 802 5033 extulit
815 4987 875 5043 Eos,

261 5071 291 5117 Er
302 5069 367 5118 refici
380 5069 473 5118 modico
483 5068 590 5117 menrbra
601 5082 686 5131 sopore
700 5065 775 5126 dedit,

229 5153 339 5217 Undique
353 5153 521 5202 hirundinibus
533 5151 640 5218 properis
656 5149 837 5199 circumsonor:
855 5149 901 5199 illa

262 5237 300 5284 sd
314 5237 428 5302 lucipinus
438 5231 520 5286 sonnio
531 5253 569 5286 rue
582 5236 684 5300 fugiente
698 5242 791 5292 secant.

817 369 1069 454 snrnosooue
1092 393 1293 454 enisurum

1099 526 1252 590 exagitaristi
1261 541 1358 578 onmem
1367 529 1495 580 miratione
1509 531 1689 595 cogitationem,

1068 627 1096 662 ac
1107 617 1201 676 tremo,
1212 630 1302 679 corque
1313 616 1425 668 funditus
1436 621 1526 670 [estuat
1539 621 1628 682 ostro,

1098 703 1178 752 enimi
1188 705 1311 754 suttooatt
1321 705 1398 755 ductu
1409 719 1520 756 venereo.

1067 790 1114 840 Sed
1125 805 1164 840 rne
1174 792 1319 855 naufragum
1330 793 1356 842 in
1367 796 1432 843 terra
1444 794 1524 844 risum

1098 892 1177 941 serva,
1187 883 1244 930 tuos
1255 880 1318 931 intra
1327 885 1413 944 portus
1422 881 1549 945 recipiens.

1269 1027 1320 1071 roo.
1340 1025 1433 1071 rsuu
1449 1025 1634 1074 suenrnnu
1655 993 1658 998 ¹

1067 1152 1109 1200 b're
1118 1152 1219 1201 tortasse
1229 1152 1323 1201 Tantali
1338 1153 1484 1202 Acherontis
1496 1157 1616 1204 tormenta
1629 1170 1707 1218 punse

1096 1239 1186 1288 nostris
1199 1239 1349 1308 cruciatibus
1362 1244 1419 1290 sunt
1429 1241 1527 1291 teriora.

1066 1319 1119 1366 lion
1134 1317 1212 1378 enim,
1222 1317 1328 1366 uisatua
1341 1323 1476 1380 venustate,
1490 1323 1663 1383 prohibebatur
1676 1338 1690 1372 a
1706 1323 1781 1374 labris
1798 1326 1845 1374 rni-

1096 1415 1152 1452 cum
1162 1407 1207 1455 tuo
1221 1405 1288 1454 labro
1297 1445 1303 1467 ,
1313 1397 1390 1455 roseis
1402 1408 1525 1469 ealycilsus
1536 1411 1691 1470 formosiore,
1740 1411 1846 1474 {scennis

1066 1488 1181 1537 tantalus
1191 1489 1460 1551 perpetuo-lacrimans,
1474 1491 1518 1541 sed
1527 1493 1669 1556 impendens
1682 1507 1769 1543 susum

1095 1575 1210 1636 timebat,
1223 1577 1291 1639 atqui
1300 1578 1388 1628 iterum
1397 1579 1459 1628 mori
1468 1593 1517 1628 non
1525 1584 1616 1644 potest.

1064 1666 1156 1712 Verum
1166 1677 1210 1726 ego
1219 1665 1292 1714 rivus
1300 1665 1425 1716 dum-snm
1434 1681 1564 1716 consumor
1574 1672 1664 1729 estro,
1721 1735 1723 1742 y

1095 1755 1120 1802 et
1129 1765 1157 1800 ex
1168 1751 1309 1802 intinnitate
1321 1753 1394 1803 etiam
1404 1754 1483 1804 tatum
1493 1755 1600 1806 sicirmm
1610 1756 1696 1807 habeo.

1158 1911 1373 1972 237.,AGATH1AE
1388 1913 1533 1962 ninius]
1548 1913 1758 1966 scuonssttci.

1062 2045 1148 2092 Totam
1161 2055 1206 2105 ego
1216 2055 1260 2106 per
1272 2045 1370 2092 noctem
1379 2042 1457 2104 ejulo;
1468 2043 1567 2106 quando
1576 2048 1659 2096 autem
1672 2046 1771 2096 advenit

1092 2129 1240 2190 diluculum,
1253 2130 1353 2194 paulum
1366 2131 1517 2193 requiescere
1528 2133 1671 2194 concodeus,

1063 2217 1303 2267 circum-bitinniam
1314 2218 1470 2282 hirundines,
1481 2223 1505 2270 et
1515 2234 1555 2270 me
1566 2221 1592 2270 in
1602 2221 1714 2272 lacrimas

1093 2307 1239 2370 conjiciunt,
1250 2309 1345 2360 dulcem
1356 2325 1465 2374 soporem
1477 2309 1637 2362 excutientes.

1062 2398 1142 2457 Atque
1154 2395 1219 2446 oculi
1233 2411 1281 2446 non
1293 2399 1371 2448 elensi
1379 2401 1409 2461 (i)
1420 2401 1530 2462 manent,
1540 2399 1696 2452 tthodentbes
1709 2405 1792 2452 autem

1092 2497 1178 2534 rursus
1191 2499 1246 2535 meo
1258 2487 1476 2556 pectorioogitatio
1488 2490 1639 2540 obversetur.

1062 2571 1230 2635 0i1nidiosee,
1242 2576 1425 2638 garrulmeres,
1436 2575 1554 2638 desinite;
1566 2591 1645 2641 neque
1658 2578 1722 2627 enim
1734 2592 1779 2641 ego

1092 2660 1474 2728 Philoruelaelinguamessecui;
1738 2647 1743 2658 ’

1062 2749 1105 2799 sed
1114 2751 1205 2812 Itylurn
1216 2752 1326 2802 delicatis
1337 2754 1362 2802 in
1372 2755 1511 2816 montibus,
1524 2771 1553 2806 ae
1566 2756 1732 2806 lamentemini

1091 2851 1178 2903 upupae
1189 2843 1287 2904 petroso
1299 2841 1373 2892 cubili
1384 2843 1531 2906 insidentes,

1061 2929 1087 2975 nt
1095 2925 1195 2988 paulum
1202 2926 1508 2980 obdormiamus!tortassc
1516 2931 1614 2992 aliquod
1621 2929 1701 2978 veniet
1708 2929 1842 2992 saturnum,

1090 3011 1157 3074 qnod
1171 3027 1210 3062 rae
1224 3013 1381 3064 Rhodanthes
1393 3015 1499 3066 brachiis
1512 3017 1683 3080 eulptectetur.

1237 3182 1291 3228 238.
1309 3179 1485 3227 Mscsuorltt
1502 3179 1659 3228 CONSULIS.

1058 3300 1129 3349 Ensis
1142 3300 1252 3363 evagina
1264 3311 1309 3349 cnr
1317 3298 1447 3348 educitur?
1457 3313 1514 3359 non,
1525 3303 1614 3363 perte,
1625 3301 1704 3364 virgo,

1088 3401 1135 3436 nori
1145 3426 1150 3448 ‚
1161 3390 1190 3437 ut
1202 3400 1272 3451 agam
1282 3377 1376 3449 aliquid
1387 3400 1401 3436 a
1412 3387 1516 3450 Cypride
1525 3387 1646 3446 alienum,

1058 3475 1101 3526 sed
1113 3479 1142 3525 ut
1152 3475 1197 3525 tibi
1208 3455 1311 3524 iliariem
1321 3473 1454 3539 (ferreus),
1464 3475 1579 3538 quemvis
1588 3476 1620 3525 sit
1630 3476 1735 3540 rigidus,

1088 3561 1216 3610 ostendam
1226 3561 1293 3610 molli
1305 3560 1404 3623 Cypridi
1414 3560 1628 3624 obtemperantem.

1058 3648 1103 3698 iiio
1114 3647 1175 3698 mihi
1185 3649 1275 3698 amanti
1288 3651 1324 3698 est
1339 3649 1541 3710 socius-itineris;
1555 3664 1600 3700 nec
1613 3651 1711 3714 speculo

1089 3717 1198 3800 indigeo,
1209 3737 1288 3788 sedin
1301 3749 1330 3786 eo
1341 3751 1381 3796 me
1396 3737 1475 3800 ipsum
1487 3752 1531 3800 ego
1544 3738 1680 3801 conspicio,

1057 3828 1082 3876 et
1093 3826 1215 3876 formosus
1228 3827 1265 3876 est
1279 3827 1308 3875 nt
1317 3826 1342 3874 in
1352 3839 1442 3876 eruore.
1453 3827 1491 3874 Tu
1500 3839 1560 3875 sero
1570 3827 1591 3875 si
1600 3826 1647 3876 mei
1658 3827 1825 3888 obliviscaris,

1057 3989 1158 4037 Garrula
1171 4001 1242 4054 parce
1256 3989 1329 4052 loqui,
1345 4005 1415 4054 parce
1426 3989 1505 4038 invida
1520 4005 1588 4039 :non
1602 3989 1738 4038 Philorneiu

1084 4057 1131 4118 ¹list
1144 4071 1264 4134 qrsorrdnm
1279 4071 1387 4119 inanibus
1402 4071 1480 4134 lingere
1493 4081 1582 4122 resecta
1595 4073 1670 4141 meis.¹

1058 4159 1102 4216 lte,
1117 4171 1159 4220 per
1172 4154 1296 4203 emineres
1307 4155 1393 4220 ltylum
1407 4157 1499 4221 plorate
1512 4171 1623 4212 recessus,

1090 4243 1134 4287 Per
1145 4255 1197 4303 quiae
1210 4247 1272 4287 resta
1285 4237 1347 4286 [erus
1358 4237 1461 4286 eulmina
1473 4248 1551 4286 serrat
1563 4255 1646 4304 epops,

1056 4325 1088 4370 Ut
1101 4323 1207 4387 parilium
1220 4321 1324 4370 ‹lormire
1335 4321 1399 4370 sinar
1413 4338 1419 4370 ε
1434 4320 1492 4369 nribi
1506 4321 1567 4370 tone
1579 4317 1735 4370 Iibodantbes

1089 4404 1219 4468 Amplexus
1230 4403 1306 4452 somni
1319 4403 1397 4452 mollis
1409 4401 1484 4466 imago
1496 4403 1570 4452 dabit.
1583 4439 1593 4452 ι

1266 4579 1323 4626 238.
1348 4589 1481 4624 msceootur
1496 4593 1616 4625 corsuum.

1055 4737 1146 4800 Vagiua
1158 4737 1247 4800 gladius
1259 4753 1301 4786 cnr·
1315 4739 1383 4786 exit?
1398 4747 1421 4785 le
1436 4739 1478 4786 tibi
1491 4738 1556 4803 jorn,

1087 4821 1141 4867 Nou
1155 4835 1197 4882 ego
1209 4828 1237 4867 ut
1248 4818 1369 4882 indignum
1382 4815 1486 4885 Cypride
1498 4820 1555 4885 qnid
1569 4819 1661 4868 taciani.

1054 4903 1097 4951 Sed
1112 4901 1156 4950 tibi
1167 4903 1201 4950 sic
1213 4905 1325 4966 Martem,
1337 4903 1444 4968 qiaanrsis
1460 4913 1512 4952 trux
1528 4903 1569 4952 ille
1584 4903 1750 4967 brusellensi,

1086 4987 1191 5035 Ostende
1201 4987 1301 5035 Veneris
1312 4987 1391 5036 mollia
1400 4989 1463 5052 jussa
1479 4989 1537 5052 pati.

1054 5068 1099 5117 llio
1110 5084 1197 5128 comes,
1211 5067 1250 5118 bic
1262 5083 1330 5118 neum
1340 5070 1428 5135 speculi
1440 5069 1499 5118 mibi
1508 5070 1596 5136 prabet
1613 5071 1698 5118 amarrti

1085 5149 1151 5199 Ensis
1165 5167 1171 5200 :
1185 5151 1208 5199 in
1224 5149 1269 5200 boc
1282 5153 1363 5201 videor
1374 5151 1474 5217 pub-ber
1485 5162 1509 5201 et
1522 5153 1570 5218 ipse
1581 5151 1649 5211 inibi,

937 5229 940 5237 ¹
1031 5211 1035 5286 i
1053 5237 1173 5297 Quantum
1186 5233 1239 5282 sisit
1248 5238 1330 5282 timor.
1342 5234 1398 5296 Sed,
1411 5232 1430 5282 si
1444 5249 1480 5282 me
1494 5233 1592 5294 deseris,
1605 5231 1647 5280 ibit
