<?xml version="1.0" encoding="UTF-8"?>
<!DOCTYPE html PUBLIC "-//W3C//DTD XHTML 1.0 Transitional//EN"
    "http://www.w3.org/TR/xhtml1/DTD/xhtml1-transitional.dtd">
<html xmlns="http://www.w3.org/1999/xhtml" xml:lang="en" lang="en">
 <head>
  <title>
</title>
<meta http-equiv="Content-Type" content="text/html;charset=utf-8" />
  <meta name='ocr-system' content='tesseract 3.04.00' />
  <meta name='ocr-capabilities' content='ocr_page ocr_carea ocr_par ocr_line ocrx_word'/>
</head>
<body>
  <div class='ocr_page' id='page_1' title='image "./epigrammatumant02plangoog/epigrammatumant02plangoog_0057.png"; bbox 0 0 4018 5938; ppageno 0'>
   <div class='ocr_carea' id='block_1_1' title="bbox 246 446 1274 512">
    <p class='ocr_par' dir='ltr' id='par_1_1' title="bbox 246 446 1274 512">
     <span class='ocr_line' id='line_1_1' title="bbox 246 446 1274 512; baseline 0 -2"><span class='ocrx_word' id='word_1_1' title='bbox 246 448 286 510; x_wconf 67' lang='lat' dir='ltr'>hi</span> <span class='ocrx_word' id='word_1_2' title='bbox 396 475 398 483; x_wconf 57' lang='lat'><strong>¹</strong></span> <span class='ocrx_word' id='word_1_3' title='bbox 800 446 1051 512; x_wconf 80' lang='lat' dir='ltr'>ANTHOLOGIAE</span> <span class='ocrx_word' id='word_1_4' title='bbox 1074 450 1274 510; x_wconf 77' lang='lat' dir='ltr'>PALATINAE</span> 
     </span>
    </p>
   </div>
   <div class='ocr_carea' id='block_1_2' title="bbox 189 576 974 1792">
    <p class='ocr_par' dir='ltr' id='par_1_2' title="bbox 189 576 974 1792">
     <span class='ocr_line' id='line_1_2' title="bbox 246 576 905 658; baseline 0 -20"><span class='ocrx_word' id='word_1_5' title='bbox 246 579 290 638; x_wconf 81' lang='grc' dir='ltr'>καί</span> <span class='ocrx_word' id='word_1_6' title='bbox 306 577 434 658; x_wconf 83' lang='grc' dir='ltr'><strong>τροχαλαλ</strong></span> <span class='ocrx_word' id='word_1_7' title='bbox 450 576 576 656; x_wconf 84' lang='grc' dir='ltr'><strong>σήμαινον</strong></span> <span class='ocrx_word' id='word_1_8' title='bbox 590 577 686 638; x_wconf 77' lang='grc' dir='ltr'>ἀολλέα</span> <span class='ocrx_word' id='word_1_9' title='bbox 698 581 775 653; x_wconf 81' lang='grc' dir='ltr'><strong>μῆτιν</strong></span> <span class='ocrx_word' id='word_1_10' title='bbox 790 578 905 639; x_wconf 83' lang='grc' dir='ltr'><strong>ὀπωπαί.</strong></span> 
     </span>
     <span class='ocr_line' id='line_1_3' title="bbox 287 663 917 744; baseline 0.003 -22"><span class='ocrx_word' id='word_1_11' title='bbox 287 667 339 723; x_wconf 87' lang='grc' dir='ltr'>Καὶ</span> <span class='ocrx_word' id='word_1_12' title='bbox 352 667 500 726; x_wconf 75' lang='grc' dir='ltr'><strong>Παιανιέων</strong></span> <span class='ocrx_word' id='word_1_13' title='bbox 513 665 658 744; x_wconf 82' lang='grc' dir='ltr'>δημηγόρος</span> <span class='ocrx_word' id='word_1_14' title='bbox 679 663 774 743; x_wconf 82' lang='grc' dir='ltr'><strong>ἔπρεπε</strong></span> <span class='ocrx_word' id='word_1_15' title='bbox 790 666 917 743; x_wconf 80' lang='grc' dir='ltr'><strong>σάλπιγξ,</strong></span> 
     </span>
     <span class='ocr_line' id='line_1_4' title="bbox 244 751 937 832; baseline 0 -21"><span class='ocrx_word' id='word_1_16' title='bbox 244 753 340 832; x_wconf 78' lang='grc' dir='ltr'><strong>ρήτρης</strong></span> <span class='ocrx_word' id='word_1_17' title='bbox 351 754 497 813; x_wconf 84' lang='grc' dir='ltr'><strong>ιῦκελάδοιο</strong></span> <span class='ocrx_word' id='word_1_18' title='bbox 510 751 598 832; x_wconf 78' lang='grc' dir='ltr'><strong>πατὴρ</strong></span> <span class='ocrx_word' id='word_1_19' title='bbox 612 753 702 832; x_wconf 85' lang='grc' dir='ltr'><strong>σοφὸς,</strong></span> <span class='ocrx_word' id='word_1_20' title='bbox 722 753 807 832; x_wconf 83' lang='grc' dir='ltr'><strong>θπρίν</strong></span> <span class='ocrx_word' id='word_1_21' title='bbox 820 754 937 826; x_wconf 79' lang='grc' dir='ltr'><strong>Ἀθήναις</strong></span> 
     </span>
     <span class='ocr_line' id='line_1_5' title="bbox 191 839 875 920; baseline 0.007 -24"><span class='ocrx_word' id='word_1_22' title='bbox 191 859 218 898; x_wconf 77' lang='grc' dir='ltr'>τε</span> <span class='ocrx_word' id='word_1_23' title='bbox 244 845 354 906; x_wconf 81' lang='grc' dir='ltr'><strong>Πειθοῦς</strong></span> <span class='ocrx_word' id='word_1_24' title='bbox 369 839 504 908; x_wconf 80' lang='grc' dir='ltr'><strong>θελξινόοιο</strong></span> <span class='ocrx_word' id='word_1_25' title='bbox 523 839 635 914; x_wconf 90' lang='grc' dir='ltr'><strong>νοήμονα</strong></span> <span class='ocrx_word' id='word_1_26' title='bbox 650 841 747 920; x_wconf 87' lang='grc' dir='ltr'><strong>πυρσθν</strong></span> <span class='ocrx_word' id='word_1_27' title='bbox 764 842 875 920; x_wconf 75' lang='grc' dir='ltr'><strong>ἀνάψαι.</strong></span> 
     </span>
     <span class='ocr_line' id='line_1_6' title="bbox 243 926 916 1006; baseline 0 -20"><span class='ocrx_word' id='word_1_28' title='bbox 243 926 312 986; x_wconf 71' lang='grc' dir='ltr'><strong>Ἀλλ’</strong></span> <span class='ocrx_word' id='word_1_29' title='bbox 323 931 369 987; x_wconf 89' lang='grc' dir='ltr'>οὐκ</span> <span class='ocrx_word' id='word_1_30' title='bbox 382 929 498 1006; x_wconf 82' lang='grc' dir='ltr'><strong>ήρεμέων</strong></span> <span class='ocrx_word' id='word_1_31' title='bbox 510 928 669 1006; x_wconf 75' lang='grc' dir='ltr'><strong>διεφαίνετο,</strong></span> <span class='ocrx_word' id='word_1_32' title='bbox 684 929 770 986; x_wconf 65' lang='lat' dir='ltr'>eux-sa</span> <span class='ocrx_word' id='word_1_33' title='bbox 781 927 807 985; x_wconf 77' lang='grc' dir='ltr'><strong>δέ</strong></span> <span class='ocrx_word' id='word_1_34' title='bbox 821 927 916 1004; x_wconf 81' lang='grc' dir='ltr'><strong>βουλήν</strong></span> 
     </span>
     <span class='ocr_line' id='line_1_7' title="bbox 243 1013 893 1092; baseline 0 -20"><span class='ocrx_word' id='word_1_35' title='bbox 243 1013 377 1092; x_wconf 81' lang='grc' dir='ltr'><strong>έστρύιφα,</strong></span> <span class='ocrx_word' id='word_1_36' title='bbox 392 1017 501 1084; x_wconf 84' lang='grc' dir='ltr'><strong>πυκινήν</strong></span> <span class='ocrx_word' id='word_1_37' title='bbox 511 1014 562 1092; x_wconf 84' lang='grc' dir='ltr'><strong>γδιρ</strong></span> <span class='ocrx_word' id='word_1_38' title='bbox 572 1013 667 1072; x_wconf 87' lang='grc' dir='ltr'><strong>εἐίδετο</strong></span> <span class='ocrx_word' id='word_1_39' title='bbox 678 1019 755 1088; x_wconf 85' lang='grc' dir='ltr'><strong>μῆτιν</strong></span> <span class='ocrx_word' id='word_1_40' title='bbox 768 1015 893 1087; x_wconf 81' lang='grc' dir='ltr'><strong>ἑλίσσειν,</strong></span> 
     </span>
     <span class='ocr_line' id='line_1_8' title="bbox 243 1091 832 1176; baseline 0.007 -19"><span class='ocrx_word' id='word_1_41' title='bbox 243 1091 284 1158; x_wconf 79' lang='grc' dir='ltr'>οἷα</span> <span class='ocrx_word' id='word_1_42' title='bbox 301 1101 357 1160; x_wconf 89' lang='grc' dir='ltr'><strong>κατ’</strong></span> <span class='ocrx_word' id='word_1_43' title='bbox 371 1101 485 1160; x_wconf 85' lang='grc' dir='ltr'><strong>εύιίπλοιν</strong></span> <span class='ocrx_word' id='word_1_44' title='bbox 501 1100 656 1176; x_wconf 82' lang='grc' dir='ltr'><strong>τεθοωμένος</strong></span> <span class='ocrx_word' id='word_1_45' title='bbox 668 1101 832 1176; x_wconf 87' lang='grc' dir='ltr'><strong>Ἠμαθιήων.</strong></span> 
     </span>
     <span class='ocr_line' id='line_1_9' title="bbox 242 1179 944 1269; baseline -0.001 -21"><span class='ocrx_word' id='word_1_46' title='bbox 242 1179 281 1248; x_wconf 78' lang='grc' dir='ltr'>Ἥ</span> <span class='ocrx_word' id='word_1_47' title='bbox 296 1189 364 1267; x_wconf 91' lang='grc' dir='ltr'><strong>τάχα</strong></span> <span class='ocrx_word' id='word_1_48' title='bbox 379 1211 421 1246; x_wconf 88' lang='grc' dir='ltr'>κεν</span> <span class='ocrx_word' id='word_1_49' title='bbox 435 1188 531 1247; x_wconf 89' lang='grc' dir='ltr'><strong>κοτέων</strong></span> <span class='ocrx_word' id='word_1_50' title='bbox 544 1189 675 1266; x_wconf 81' lang='grc' dir='ltr'><strong>τροχαλήν</strong></span> <span class='ocrx_word' id='word_1_51' title='bbox 692 1189 828 1267; x_wconf 79' lang='grc' dir='ltr'><strong>ἐφθέγγετο</strong></span> <span class='ocrx_word' id='word_1_52' title='bbox 841 1188 944 1269; x_wconf 78' lang='grc' dir='ltr'><strong>φωνήν,</strong></span> 
     </span>
     <span class='ocr_line' id='line_1_10' title="bbox 189 1275 878 1356; baseline -0.004 -19"><span class='ocrx_word' id='word_1_53' title='bbox 189 1297 216 1337; x_wconf 78' lang='lat' dir='ltr'>ao</span> <span class='ocrx_word' id='word_1_54' title='bbox 243 1277 337 1334; x_wconf 88' lang='grc' dir='ltr'><strong>άπνοον</strong></span> <span class='ocrx_word' id='word_1_55' title='bbox 353 1275 478 1346; x_wconf 74' lang='grc' dir='ltr'><strong>αὐδήεντα</strong></span> <span class='ocrx_word' id='word_1_56' title='bbox 491 1276 568 1344; x_wconf 82' lang='grc' dir='ltr'><strong>τιθεὶς</strong></span> <span class='ocrx_word' id='word_1_57' title='bbox 582 1281 677 1335; x_wconf 89' lang='grc' dir='ltr'><strong>τύπον·</strong></span> <span class='ocrx_word' id='word_1_58' title='bbox 693 1276 761 1334; x_wconf 82' lang='grc' dir='ltr'><strong>ἀλλά</strong></span> <span class='ocrx_word' id='word_1_59' title='bbox 776 1279 878 1356; x_wconf 83' lang='grc' dir='ltr'><strong>έτέχνη</strong></span> 
     </span>
     <span class='ocr_line' id='line_1_11' title="bbox 242 1359 840 1443; baseline -0.003 -21"><span class='ocrx_word' id='word_1_60' title='bbox 242 1364 366 1442; x_wconf 74' lang='grc' dir='ltr'><strong>χαλκείης</strong></span> <span class='ocrx_word' id='word_1_61' title='bbox 381 1363 506 1436; x_wconf 83' lang='grc' dir='ltr'><strong>ἐπέδησεν</strong></span> <span class='ocrx_word' id='word_1_62' title='bbox 520 1359 574 1422; x_wconf 70' lang='lat' dir='ltr'>inat</span> <span class='ocrx_word' id='word_1_63' title='bbox 586 1365 715 1443; x_wconf 84' lang='grc' dir='ltr'><strong>σφραγῖδα</strong></span> <span class='ocrx_word' id='word_1_64' title='bbox 730 1369 840 1436; x_wconf 77' lang='grc' dir='ltr'><strong>σιωπῆς.</strong></span> 
     </span>
     <span class='ocr_line' id='line_1_12' title="bbox 280 1448 974 1531; baseline -0.003 -21"><span class='ocrx_word' id='word_1_65' title='bbox 280 1448 387 1510; x_wconf 88' lang='grc' dir='ltr'><strong>Ἵστατο</strong></span> <span class='ocrx_word' id='word_1_66' title='bbox 403 1453 425 1509; x_wconf 91' lang='grc' dir='ltr'><strong>δ’</strong></span> <span class='ocrx_word' id='word_1_67' title='bbox 441 1451 566 1528; x_wconf 76' lang='grc' dir='ltr'><strong>Εὐρίποιο</strong></span> <span class='ocrx_word' id='word_1_68' title='bbox 579 1451 742 1531; x_wconf 83' lang='grc' dir='ltr'><strong>φερώνυμος·</strong></span> <span class='ocrx_word' id='word_1_69' title='bbox 756 1455 790 1516; x_wconf 82' lang='grc' dir='ltr'><strong>ὡς</strong></span> <span class='ocrx_word' id='word_1_70' title='bbox 803 1451 830 1508; x_wconf 84' lang='grc' dir='ltr'><strong>δὲ</strong></span> <span class='ocrx_word' id='word_1_71' title='bbox 843 1450 953 1524; x_wconf 84' lang='grc' dir='ltr'><strong>δοκεύω,</strong></span> <span class='ocrx_word' id='word_1_72' title='bbox 972 1497 974 1501; x_wconf 89' lang='grc'>.</span> 
     </span>
     <span class='ocr_line' id='line_1_13' title="bbox 241 1537 912 1618; baseline 0 -22"><span class='ocrx_word' id='word_1_73' title='bbox 241 1537 323 1616; x_wconf 83' lang='grc' dir='ltr'><strong>λάθρη</strong></span> <span class='ocrx_word' id='word_1_74' title='bbox 338 1539 388 1596; x_wconf 78' lang='lat' dir='ltr'>iuri</span> <span class='ocrx_word' id='word_1_75' title='bbox 400 1540 509 1617; x_wconf 81' lang='grc' dir='ltr'><strong>κραδίην</strong></span> <span class='ocrx_word' id='word_1_76' title='bbox 523 1549 656 1618; x_wconf 84' lang='grc' dir='ltr'><strong>τραγικαῖς</strong></span> <span class='ocrx_word' id='word_1_77' title='bbox 671 1539 768 1616; x_wconf 85' lang='grc' dir='ltr'><strong>ύιμίλεε</strong></span> <span class='ocrx_word' id='word_1_78' title='bbox 781 1539 912 1610; x_wconf 84' lang='grc' dir='ltr'><strong>Μούσαις,</strong></span> 
     </span>
     <span class='ocr_line' id='line_1_14' title="bbox 241 1617 895 1706; baseline 0 -22"><span class='ocrx_word' id='word_1_79' title='bbox 241 1625 304 1702; x_wconf 80' lang='grc' dir='ltr'><strong>ἔργα</strong></span> <span class='ocrx_word' id='word_1_80' title='bbox 315 1625 492 1705; x_wconf 84' lang='grc' dir='ltr'><strong>σαοφροσύνης</strong></span> <span class='ocrx_word' id='word_1_81' title='bbox 503 1625 678 1699; x_wconf 89' lang='grc' dir='ltr'><strong>διανεύμενος·</strong></span> <span class='ocrx_word' id='word_1_82' title='bbox 693 1617 725 1697; x_wconf 73' lang='grc' dir='ltr'><strong>ἦν</strong></span> <span class='ocrx_word' id='word_1_83' title='bbox 734 1627 785 1706; x_wconf 80' lang='grc' dir='ltr'>γὰρ</span> <span class='ocrx_word' id='word_1_84' title='bbox 796 1625 895 1684; x_wconf 82' lang='grc' dir='ltr'><strong>ἰδέσθαι</strong></span> 
     </span>
     <span class='ocr_line' id='line_1_15' title="bbox 189 1705 926 1792; baseline 0.001 -20"><span class='ocrx_word' id='word_1_85' title='bbox 189 1724 215 1764; x_wconf 74' lang='lat'>²⁶</span> <span class='ocrx_word' id='word_1_86' title='bbox 240 1705 282 1772; x_wconf 81' lang='grc' dir='ltr'>οἷά</span> <span class='ocrx_word' id='word_1_87' title='bbox 292 1713 321 1770; x_wconf 90' lang='grc' dir='ltr'>τέ</span> <span class='ocrx_word' id='word_1_88' title='bbox 332 1737 381 1770; x_wconf 87' lang='grc' dir='ltr'>που</span> <span class='ocrx_word' id='word_1_89' title='bbox 395 1713 535 1791; x_wconf 79' lang='grc' dir='ltr'><strong>θυμελησιν</strong></span> <span class='ocrx_word' id='word_1_90' title='bbox 552 1718 577 1773; x_wconf 82' lang='grc' dir='ltr'><strong>ἓν</strong></span> <span class='ocrx_word' id='word_1_91' title='bbox 590 1713 684 1773; x_wconf 85' lang='grc' dir='ltr'><strong>Ἀτθίσι</strong></span> <span class='ocrx_word' id='word_1_92' title='bbox 698 1713 778 1792; x_wconf 79' lang='grc' dir='ltr'><strong>θύρσοι</strong></span> <span class='ocrx_word' id='word_1_93' title='bbox 790 1713 926 1773; x_wconf 89' lang='grc' dir='ltr'><strong>τινάσσων.</strong></span> 
     </span>
    </p>
   </div>
   <div class='ocr_carea' id='block_1_3' title="bbox 282 1799 1014 1880">
    <p class='ocr_par' dir='ltr' id='par_1_3' title="bbox 282 1799 1014 1880">
     <span class='ocr_line' id='line_1_16' title="bbox 282 1799 1014 1880; baseline -0.001 -21"><span class='ocrx_word' id='word_1_94' title='bbox 282 1801 373 1880; x_wconf 80' lang='grc' dir='ltr'><strong>Δάφνη</strong></span> <span class='ocrx_word' id='word_1_95' title='bbox 389 1801 436 1877; x_wconf 83' lang='grc' dir='ltr'>μὲν</span> <span class='ocrx_word' id='word_1_96' title='bbox 453 1801 604 1872; x_wconf 85' lang='grc' dir='ltr'><strong>πλοκαμῖδα</strong></span> <span class='ocrx_word' id='word_1_97' title='bbox 619 1799 789 1876; x_wconf 81' lang='grc' dir='ltr'><strong>Παλαίφατος</strong></span> <span class='ocrx_word' id='word_1_98' title='bbox 808 1800 904 1879; x_wconf 84' lang='grc' dir='ltr'><strong>ἔπρεπε</strong></span> <span class='ocrx_word' id='word_1_99' title='bbox 925 1801 1014 1876; x_wconf 87' lang='grc' dir='ltr'><strong>μάντις</strong></span> 
     </span>
    </p>
   </div>
   <div class='ocr_carea' id='block_1_4' title="bbox 184 1885 971 3187">
    <p class='ocr_par' dir='ltr' id='par_1_4' title="bbox 243 1885 945 2054">
     <span class='ocr_line' id='line_1_17' title="bbox 243 1885 921 1968; baseline -0.001 -21"><span class='ocrx_word' id='word_1_100' title='bbox 243 1889 420 1967; x_wconf 79' lang='grc' dir='ltr'><strong>στεψάμενος,</strong></span> <span class='ocrx_word' id='word_1_101' title='bbox 437 1887 526 1945; x_wconf 82' lang='grc' dir='ltr'><strong>δάκεεν</strong></span> <span class='ocrx_word' id='word_1_102' title='bbox 540 1885 566 1944; x_wconf 81' lang='grc' dir='ltr'><strong>δέ</strong></span> <span class='ocrx_word' id='word_1_103' title='bbox 581 1887 651 1966; x_wconf 90' lang='grc' dir='ltr'><strong>χέειν</strong></span> <span class='ocrx_word' id='word_1_104' title='bbox 667 1885 803 1963; x_wconf 82' lang='grc' dir='ltr'><strong>μανιώδεα</strong></span> <span class='ocrx_word' id='word_1_105' title='bbox 824 1887 921 1968; x_wconf 82' lang='grc' dir='ltr'><strong>φωνήν.</strong></span> 
     </span>
     <span class='ocr_line' id='line_1_18' title="bbox 281 1973 945 2054; baseline -0.002 -19"><span class='ocrx_word' id='word_1_106' title='bbox 281 1975 399 2042; x_wconf 84' lang='grc' dir='ltr'><strong>Ἡσίοδος</strong></span> <span class='ocrx_word' id='word_1_107' title='bbox 412 1975 435 2031; x_wconf 83' lang='grc' dir='ltr'><strong>δ’</strong></span> <span class='ocrx_word' id='word_1_108' title='bbox 453 1973 585 2054; x_wconf 82' lang='grc' dir='ltr'><strong>Ἀσκραῒος</strong></span> <span class='ocrx_word' id='word_1_109' title='bbox 602 1973 714 2052; x_wconf 87' lang='grc' dir='ltr'><strong>δρειάσιν</strong></span> <span class='ocrx_word' id='word_1_110' title='bbox 729 1975 810 2032; x_wconf 84' lang='grc' dir='ltr'><strong>εἴδετο</strong></span> <span class='ocrx_word' id='word_1_111' title='bbox 826 1977 945 2042; x_wconf 89' lang='grc' dir='ltr'><strong>Μούσαις</strong></span> 
     </span>
    </p>

    <p class='ocr_par' dir='ltr' id='par_1_5' title="bbox 241 2061 899 2142">
     <span class='ocr_line' id='line_1_19' title="bbox 241 2061 899 2142; baseline -0.003 -22"><span class='ocrx_word' id='word_1_112' title='bbox 241 2063 426 2142; x_wconf 88' lang='grc' dir='ltr'><strong>φθεγγόμενος,</strong></span> <span class='ocrx_word' id='word_1_113' title='bbox 438 2062 536 2140; x_wconf 89' lang='grc' dir='ltr'><strong>χαλκθν</strong></span> <span class='ocrx_word' id='word_1_114' title='bbox 550 2061 576 2118; x_wconf 83' lang='grc' dir='ltr'><strong>δὲ</strong></span> <span class='ocrx_word' id='word_1_115' title='bbox 591 2063 693 2138; x_wconf 83' lang='grc' dir='ltr'><strong>βιάζετο</strong></span> <span class='ocrx_word' id='word_1_116' title='bbox 703 2061 788 2119; x_wconf 88' lang='grc' dir='ltr'><strong>θυιάδι</strong></span> <span class='ocrx_word' id='word_1_117' title='bbox 799 2061 899 2138; x_wconf 80' lang='grc' dir='ltr'><strong>λύσσῃ,</strong></span> 
     </span>
    </p>

    <p class='ocr_par' dir='ltr' id='par_1_6' title="bbox 187 2147 932 2579">
     <span class='ocr_line' id='line_1_20' title="bbox 187 2147 932 2227; baseline -0.003 -19"><span class='ocrx_word' id='word_1_118' title='bbox 187 2171 214 2208; x_wconf 83' lang='lat' dir='ltr'>to</span> <span class='ocrx_word' id='word_1_119' title='bbox 240 2150 325 2209; x_wconf 84' lang='grc' dir='ltr'><strong>ἔνθεον</strong></span> <span class='ocrx_word' id='word_1_120' title='bbox 335 2150 442 2227; x_wconf 85' lang='grc' dir='ltr'><strong>ἱμείρων</strong></span> <span class='ocrx_word' id='word_1_121' title='bbox 453 2148 557 2224; x_wconf 75' lang='grc' dir='ltr'><strong>ἀνάγειν</strong></span> <span class='ocrx_word' id='word_1_122' title='bbox 571 2149 657 2224; x_wconf 81' lang='grc' dir='ltr'><strong>μελος.</strong></span> <span class='ocrx_word' id='word_1_123' title='bbox 699 2147 809 2226; x_wconf 84' lang='grc' dir='ltr'><strong>Ἐγγύθι</strong></span> <span class='ocrx_word' id='word_1_124' title='bbox 819 2151 842 2206; x_wconf 86' lang='grc' dir='ltr'><strong>δ’</strong></span> <span class='ocrx_word' id='word_1_125' title='bbox 854 2151 932 2208; x_wconf 83' lang='grc' dir='ltr'><strong>αὐτοῦ</strong></span> 
     </span>
     <span class='ocr_line' id='line_1_21' title="bbox 241 2231 854 2315; baseline -0.003 -21"><span class='ocrx_word' id='word_1_126' title='bbox 241 2237 397 2313; x_wconf 85' lang='grc' dir='ltr'><strong>μαντιπόλος</strong></span> <span class='ocrx_word' id='word_1_127' title='bbox 408 2238 487 2295; x_wconf 88' lang='grc' dir='ltr'><strong>πάλιν</strong></span> <span class='ocrx_word' id='word_1_128' title='bbox 501 2236 577 2300; x_wconf 86' lang='grc' dir='ltr'><strong>σίλλος</strong></span> <span class='ocrx_word' id='word_1_129' title='bbox 586 2236 631 2305; x_wconf 86' lang='grc' dir='ltr'>ἔην</span> <span class='ocrx_word' id='word_1_130' title='bbox 643 2231 759 2314; x_wconf 80' lang='grc' dir='ltr'><strong>φοιύηίδι</strong></span> <span class='ocrx_word' id='word_1_131' title='bbox 770 2235 854 2315; x_wconf 80' lang='grc' dir='ltr'><strong>δάφνῃ</strong></span> 
     </span>
     <span class='ocr_line' id='line_1_22' title="bbox 240 2324 914 2400; baseline -0.004 -17"><span class='ocrx_word' id='word_1_132' title='bbox 240 2326 377 2400; x_wconf 83' lang='grc' dir='ltr'><strong>κοσμηθεὶς</strong></span> <span class='ocrx_word' id='word_1_133' title='bbox 394 2324 547 2389; x_wconf 88' lang='grc' dir='ltr'><strong>Πολύειδος·</strong></span> <span class='ocrx_word' id='word_1_134' title='bbox 562 2324 614 2382; x_wconf 80' lang='lat' dir='ltr'>cini&gt;</span> <span class='ocrx_word' id='word_1_135' title='bbox 628 2325 767 2398; x_wconf 85' lang='grc' dir='ltr'><strong>στομάτων</strong></span> <span class='ocrx_word' id='word_1_136' title='bbox 779 2325 806 2380; x_wconf 85' lang='grc' dir='ltr'><strong>δὲ</strong></span> <span class='ocrx_word' id='word_1_137' title='bbox 816 2324 914 2391; x_wconf 79' lang='grc' dir='ltr'><strong>τινάξαι</strong></span> 
     </span>
     <span class='ocr_line' id='line_1_23' title="bbox 239 2410 903 2490; baseline -0.006 -19"><span class='ocrx_word' id='word_1_138' title='bbox 239 2413 315 2484; x_wconf 81' lang='grc' dir='ltr'><strong>ἤθελε</strong></span> <span class='ocrx_word' id='word_1_139' title='bbox 328 2414 375 2489; x_wconf 85' lang='grc' dir='ltr'>μὲν</span> <span class='ocrx_word' id='word_1_140' title='bbox 393 2413 530 2488; x_wconf 84' lang='grc' dir='ltr'><strong>κελάδημα</strong></span> <span class='ocrx_word' id='word_1_141' title='bbox 544 2412 702 2490; x_wconf 79' lang='grc' dir='ltr'>θεοπρόπον1</span> <span class='ocrx_word' id='word_1_142' title='bbox 717 2410 785 2468; x_wconf 81' lang='grc' dir='ltr'><strong>ἀλλά</strong></span> <span class='ocrx_word' id='word_1_143' title='bbox 798 2415 809 2468; x_wconf 71' lang='lat' dir='ltr'>t</span> <span class='ocrx_word' id='word_1_144' title='bbox 824 2412 903 2489; x_wconf 84' lang='grc' dir='ltr'><strong>τέχνη</strong></span> 
     </span>
     <span class='ocr_line' id='line_1_24' title="bbox 239 2497 919 2579; baseline 0 -23"><span class='ocrx_word' id='word_1_145' title='bbox 239 2501 327 2575; x_wconf 80' lang='grc' dir='ltr'><strong>δεσμῷ</strong></span> <span class='ocrx_word' id='word_1_146' title='bbox 337 2501 466 2579; x_wconf 78' lang='grc' dir='ltr'><strong>ἀφωνήτῳ</strong></span> <span class='ocrx_word' id='word_1_147' title='bbox 477 2503 645 2576; x_wconf 89' lang='grc' dir='ltr'><strong>κατερήτυεν.</strong></span> <span class='ocrx_word' id='word_1_148' title='bbox 688 2499 758 2558; x_wconf 74' lang='lat' dir='ltr'>Odit</span> <span class='ocrx_word' id='word_1_149' title='bbox 773 2497 804 2556; x_wconf 87' lang='grc' dir='ltr'>σθ</span> <span class='ocrx_word' id='word_1_150' title='bbox 818 2503 919 2573; x_wconf 73' lang='grc' dir='ltr'><strong>μολπῆς</strong></span> 
     </span>
    </p>

    <p class='ocr_par' dir='ltr' id='par_1_7' title="bbox 186 2585 971 3014">
     <span class='ocr_line' id='line_1_25' title="bbox 186 2585 950 2664; baseline 0.004 -25"><span class='ocrx_word' id='word_1_151' title='bbox 186 2602 211 2639; x_wconf 78' lang='lat' dir='ltr'>ts</span> <span class='ocrx_word' id='word_1_152' title='bbox 239 2586 347 2653; x_wconf 83' lang='grc' dir='ltr'><strong>εύνασας</strong></span> <span class='ocrx_word' id='word_1_153' title='bbox 361 2586 440 2664; x_wconf 80' lang='grc' dir='ltr'><strong>ἁύρθν</strong></span> <span class='ocrx_word' id='word_1_154' title='bbox 454 2588 551 2663; x_wconf 84' lang='grc' dir='ltr'><strong>ἔρωτα,</strong></span> <span class='ocrx_word' id='word_1_155' title='bbox 563 2585 718 2661; x_wconf 72' lang='grc' dir='ltr'><strong>Σιμωνίδη,</strong></span> <span class='ocrx_word' id='word_1_156' title='bbox 733 2587 790 2641; x_wconf 78' lang='grc' dir='ltr'><strong>ἀλλ’</strong></span> <span class='ocrx_word' id='word_1_157' title='bbox 805 2587 842 2642; x_wconf 83' lang='grc' dir='ltr'>ἔτι</span> <span class='ocrx_word' id='word_1_158' title='bbox 854 2589 950 2664; x_wconf 78' lang='grc' dir='ltr'><strong>χορδῆς</strong></span> 
     </span>
     <span class='ocr_line' id='line_1_26' title="bbox 238 2672 871 2752; baseline 0.005 -24"><span class='ocrx_word' id='word_1_159' title='bbox 238 2673 359 2750; x_wconf 77' lang='grc' dir='ltr'><strong>ἱμείρεις,</strong></span> <span class='ocrx_word' id='word_1_160' title='bbox 374 2674 446 2752; x_wconf 80' lang='grc' dir='ltr'><strong>ἱερήν</strong></span> <span class='ocrx_word' id='word_1_161' title='bbox 462 2673 488 2730; x_wconf 82' lang='grc' dir='ltr'><strong>δέ</strong></span> <span class='ocrx_word' id='word_1_162' title='bbox 502 2674 582 2749; x_wconf 92' lang='grc' dir='ltr'><strong>λύρην</strong></span> <span class='ocrx_word' id='word_1_163' title='bbox 596 2676 624 2730; x_wconf 86' lang='grc' dir='ltr'>ού</span> <span class='ocrx_word' id='word_1_164' title='bbox 635 2672 724 2750; x_wconf 81' lang='grc' dir='ltr'><strong>χερσίν</strong></span> <span class='ocrx_word' id='word_1_165' title='bbox 741 2675 871 2748; x_wconf 87' lang='grc' dir='ltr'><strong>άράσσεις.</strong></span> 
     </span>
     <span class='ocr_line' id='line_1_27' title="bbox 237 2755 927 2839; baseline -0.001 -20"><span class='ocrx_word' id='word_1_166' title='bbox 237 2755 349 2838; x_wconf 86' lang='grc' dir='ltr'><strong>Ὤφελεν</strong></span> <span class='ocrx_word' id='word_1_167' title='bbox 364 2763 377 2816; x_wconf 82' lang='grc' dir='ltr'>ὁ</span> <span class='ocrx_word' id='word_1_168' title='bbox 392 2761 511 2824; x_wconf 88' lang='grc' dir='ltr'><strong>πλάσσας</strong></span> <span class='ocrx_word' id='word_1_169' title='bbox 522 2783 566 2836; x_wconf 75' lang='grc' dir='ltr'>σε,</span> <span class='ocrx_word' id='word_1_170' title='bbox 577 2759 728 2832; x_wconf 83' lang='grc' dir='ltr'><strong>Σιμωνίδη,</strong></span> <span class='ocrx_word' id='word_1_171' title='bbox 739 2759 822 2838; x_wconf 86' lang='grc' dir='ltr'><strong>ὤφελε</strong></span> <span class='ocrx_word' id='word_1_172' title='bbox 836 2765 927 2839; x_wconf 79' lang='grc' dir='ltr'><strong>χαλκῷ</strong></span> 
     </span>
     <span class='ocr_line' id='line_1_28' title="bbox 238 2837 971 2926; baseline 0.001 -21"><span class='ocrx_word' id='word_1_173' title='bbox 238 2846 394 2926; x_wconf 85' lang='grc' dir='ltr'><strong>ονγκεράσαι</strong></span> <span class='ocrx_word' id='word_1_174' title='bbox 409 2837 485 2922; x_wconf 86' lang='grc' dir='ltr'><strong>μέλος</strong></span> <span class='ocrx_word' id='word_1_175' title='bbox 499 2847 563 2918; x_wconf 83' lang='grc' dir='ltr'><strong>ἡδύ·</strong></span> <span class='ocrx_word' id='word_1_176' title='bbox 576 2847 603 2904; x_wconf 84' lang='grc' dir='ltr'>οὲ</span> <span class='ocrx_word' id='word_1_177' title='bbox 615 2849 636 2904; x_wconf 83' lang='grc' dir='ltr'><strong>δ’</strong></span> <span class='ocrx_word' id='word_1_178' title='bbox 653 2847 682 2904; x_wconf 85' lang='grc' dir='ltr'>διν</span> <span class='ocrx_word' id='word_1_179' title='bbox 697 2849 741 2904; x_wconf 83' lang='grc' dir='ltr'>καί</span> <span class='ocrx_word' id='word_1_180' title='bbox 753 2849 848 2926; x_wconf 88' lang='grc' dir='ltr'><strong>χαλκθς</strong></span> <span class='ocrx_word' id='word_1_181' title='bbox 861 2849 971 2919; x_wconf 79' lang='grc' dir='ltr'><strong>ἀνανδὴς</strong></span> 
     </span>
     <span class='ocr_line' id='line_1_29' title="bbox 238 2934 871 3014; baseline 0.003 -23"><span class='ocrx_word' id='word_1_182' title='bbox 238 2935 387 3008; x_wconf 81' lang='grc' dir='ltr'><strong>αἰδόμενος,</strong></span> <span class='ocrx_word' id='word_1_183' title='bbox 402 2939 519 3012; x_wconf 76' lang='grc' dir='ltr'><strong>ῥυθμοῖσι</strong></span> <span class='ocrx_word' id='word_1_184' title='bbox 533 2934 611 3012; x_wconf 88' lang='grc' dir='ltr'><strong>λύρης</strong></span> <span class='ocrx_word' id='word_1_185' title='bbox 633 2935 743 3014; x_wconf 84' lang='grc' dir='ltr'><strong>ἀντήχεε</strong></span> <span class='ocrx_word' id='word_1_186' title='bbox 758 2935 871 3011; x_wconf 85' lang='grc' dir='ltr'><strong>μολπήν.</strong></span> 
     </span>
    </p>

    <p class='ocr_par' dir='ltr' id='par_1_8' title="bbox 184 3012 969 3187">
     <span class='ocr_line' id='line_1_30' title="bbox 184 3012 969 3100; baseline 0 -23"><span class='ocrx_word' id='word_1_187' title='bbox 184 3041 211 3077; x_wconf 81' lang='grc' dir='ltr'><strong>ιν</strong></span> <span class='ocrx_word' id='word_1_188' title='bbox 278 3012 332 3080; x_wconf 82' lang='grc' dir='ltr'><strong>Ἦν</strong></span> <span class='ocrx_word' id='word_1_189' title='bbox 345 3020 391 3096; x_wconf 78' lang='grc' dir='ltr'>μέν</span> <span class='ocrx_word' id='word_1_190' title='bbox 412 3021 575 3096; x_wconf 80' lang='grc' dir='ltr'><strong>Ἀναξιμένης</strong></span> <span class='ocrx_word' id='word_1_191' title='bbox 586 3022 670 3100; x_wconf 86' lang='grc' dir='ltr'><strong>νοερθς</strong></span> <span class='ocrx_word' id='word_1_192' title='bbox 685 3022 777 3100; x_wconf 80' lang='grc' dir='ltr'><strong>σοφός·</strong></span> <span class='ocrx_word' id='word_1_193' title='bbox 788 3024 814 3078; x_wconf 83' lang='grc' dir='ltr'><strong>ἒν</strong></span> <span class='ocrx_word' id='word_1_194' title='bbox 827 3021 854 3079; x_wconf 76' lang='grc' dir='ltr'><strong>δέ</strong></span> <span class='ocrx_word' id='word_1_195' title='bbox 866 3027 969 3098; x_wconf 80' lang='grc' dir='ltr'><strong>μενοινῇ</strong></span> 
     </span>
     <span class='ocr_line' id='line_1_31' title="bbox 238 3109 843 3187; baseline 0.003 -19"><span class='ocrx_word' id='word_1_196' title='bbox 238 3109 371 3185; x_wconf 87' lang='grc' dir='ltr'><strong>δαιμονίης</strong></span> <span class='ocrx_word' id='word_1_197' title='bbox 383 3110 478 3177; x_wconf 74' lang='grc' dir='ltr'><strong>ἐλέλιξε</strong></span> <span class='ocrx_word' id='word_1_198' title='bbox 490 3111 609 3185; x_wconf 86' lang='grc' dir='ltr'><strong>νοήματα</strong></span> <span class='ocrx_word' id='word_1_199' title='bbox 621 3111 727 3168; x_wconf 88' lang='grc' dir='ltr'><strong>ποικίλα</strong></span> <span class='ocrx_word' id='word_1_200' title='bbox 740 3113 843 3187; x_wconf 73' lang='grc' dir='ltr'><strong>βουλῆς.</strong></span> 
     </span>
    </p>
   </div>
   <div class='ocr_carea' id='block_1_5' title="bbox 277 3194 1009 3276">
    <p class='ocr_par' dir='ltr' id='par_1_9' title="bbox 277 3194 1009 3276">
     <span class='ocr_line' id='line_1_32' title="bbox 277 3194 1009 3276; baseline -0.004 -18"><span class='ocrx_word' id='word_1_201' title='bbox 277 3199 435 3276; x_wconf 84' lang='grc' dir='ltr'><strong>Θεστορίδης</strong></span> <span class='ocrx_word' id='word_1_202' title='bbox 445 3200 466 3254; x_wconf 85' lang='grc' dir='ltr'><strong>δ’</strong></span> <span class='ocrx_word' id='word_1_203' title='bbox 478 3197 535 3276; x_wconf 71' lang='grc' dir='ltr'><strong>«άρα</strong></span> <span class='ocrx_word' id='word_1_204' title='bbox 551 3199 641 3274; x_wconf 88' lang='grc' dir='ltr'><strong>μάντις</strong></span> <span class='ocrx_word' id='word_1_205' title='bbox 653 3194 776 3264; x_wconf 77' lang='grc' dir='ltr'><strong>ἐύσκοπος</strong></span> <span class='ocrx_word' id='word_1_206' title='bbox 786 3196 876 3256; x_wconf 76' lang='lat' dir='ltr'>iocoso</span> <span class='ocrx_word' id='word_1_207' title='bbox 890 3197 1009 3276; x_wconf 87' lang='grc' dir='ltr'><strong>Κάλχας,</strong></span> 
     </span>
    </p>
   </div>
   <div class='ocr_carea' id='block_1_6' title="bbox 238 3442 804 3507">
    <p class='ocr_par' dir='ltr' id='par_1_10' title="bbox 238 3442 804 3507">
     <span class='ocr_line' id='line_1_33' title="bbox 238 3442 804 3507; baseline 0.004 -17"><span class='ocrx_word' id='word_1_208' title='bbox 238 3443 384 3507; x_wconf 84' lang='lat' dir='ltr'>Velocesque</span> <span class='ocrx_word' id='word_1_209' title='bbox 396 3442 461 3491; x_wconf 93' lang='lat' dir='ltr'>oculi</span> <span class='ocrx_word' id='word_1_210' title='bbox 473 3443 556 3491; x_wconf 88' lang='lat' dir='ltr'>sollers</span> <span class='ocrx_word' id='word_1_211' title='bbox 568 3452 685 3490; x_wconf 85' lang='lat' dir='ltr'>testantur</span> <span class='ocrx_word' id='word_1_212' title='bbox 696 3458 804 3492; x_wconf 88' lang='lat' dir='ltr'>acumen.</span> 
     </span>
    </p>
   </div>
   <div class='ocr_carea' id='block_1_7' title="bbox 489 3560 765 3610">
    <p class='ocr_par' dir='ltr' id='par_1_11' title="bbox 489 3560 765 3610">
     <span class='ocr_line' id='line_1_34' title="bbox 489 3560 765 3610; baseline 0.004 -1"><span class='ocrx_word' id='word_1_213' title='bbox 489 3565 531 3609; x_wconf 92' lang='lat' dir='ltr'>III.</span> <span class='ocrx_word' id='word_1_214' title='bbox 552 3565 587 3608; x_wconf 87' lang='lat' dir='ltr'>De</span> <span class='ocrx_word' id='word_1_215' title='bbox 604 3560 765 3610; x_wconf 77' lang='lat' dir='ltr'><em>Demosthene.</em></span> 
     </span>
    </p>
   </div>
   <div class='ocr_carea' id='block_1_8' title="bbox 236 3668 897 4410">
    <p class='ocr_par' dir='ltr' id='par_1_12' title="bbox 237 3668 800 3748">
     <span class='ocr_line' id='line_1_35' title="bbox 237 3668 800 3748; baseline -0.005 -15"><span class='ocrx_word' id='word_1_216' title='bbox 237 3689 271 3733; x_wconf 82' lang='lat' dir='ltr'>Ex</span> <span class='ocrx_word' id='word_1_217' title='bbox 288 3683 413 3733; x_wconf 77' lang='lat' dir='ltr'>Paeaniadis</span> <span class='ocrx_word' id='word_1_218' title='bbox 429 3683 509 3748; x_wconf 64' lang='lat' dir='ltr'>pulluli</span> <span class='ocrx_word' id='word_1_219' title='bbox 523 3681 580 3730; x_wconf 85' lang='lat' dir='ltr'>tuba</span> <span class='ocrx_word' id='word_1_220' title='bbox 594 3668 703 3744; x_wconf 76' lang='lat' dir='ltr'>surgitin</span> <span class='ocrx_word' id='word_1_221' title='bbox 719 3699 800 3740; x_wconf 84' lang='grc' dir='ltr'><strong>ιιιιιιιι,</strong></span> 
     </span>
    </p>

    <p class='ocr_par' dir='ltr' id='par_1_13' title="bbox 237 3766 799 3899">
     <span class='ocr_line' id='line_1_36' title="bbox 237 3766 798 3832; baseline -0.002 -18"><span class='ocrx_word' id='word_1_222' title='bbox 237 3769 285 3829; x_wconf 84' lang='lat' dir='ltr'>Qui</span> <span class='ocrx_word' id='word_1_223' title='bbox 299 3777 367 3832; x_wconf 82' lang='lat' dir='ltr'>patet</span> <span class='ocrx_word' id='word_1_224' title='bbox 380 3767 468 3830; x_wconf 89' lang='lat' dir='ltr'>eloquii</span> <span class='ocrx_word' id='word_1_225' title='bbox 487 3783 540 3814; x_wconf 89' lang='lat' dir='ltr'>cum</span> <span class='ocrx_word' id='word_1_226' title='bbox 560 3767 683 3829; x_wconf 82' lang='lat' dir='ltr'>majestate</span> <span class='ocrx_word' id='word_1_227' title='bbox 692 3766 798 3827; x_wconf 79' lang='lat' dir='ltr'>spirantis</span> 
     </span>
     <span class='ocr_line' id='line_1_37' title="bbox 237 3837 799 3899; baseline 0 -2"><span class='ocrx_word' id='word_1_228' title='bbox 237 3837 337 3897; x_wconf 71' lang='lat' dir='ltr'>Lundna</span> <span class='ocrx_word' id='word_1_229' title='bbox 351 3850 455 3899; x_wconf 78' lang='lat' dir='ltr'>Suadela</span> <span class='ocrx_word' id='word_1_230' title='bbox 469 3850 552 3897; x_wconf 90' lang='lat' dir='ltr'>mediis</span> <span class='ocrx_word' id='word_1_231' title='bbox 563 3850 670 3897; x_wconf 79' lang='lat' dir='ltr'>accendit</span> <span class='ocrx_word' id='word_1_232' title='bbox 682 3849 799 3898; x_wconf 82' lang='lat' dir='ltr'>Athenis:</span> 
     </span>
    </p>

    <p class='ocr_par' dir='ltr' id='par_1_14' title="bbox 236 3931 897 4410">
     <span class='ocr_line' id='line_1_38' title="bbox 236 3931 897 3995; baseline -0.002 -15"><span class='ocrx_word' id='word_1_233' title='bbox 236 3932 308 3980; x_wconf 87' lang='lat' dir='ltr'>Nulla</span> <span class='ocrx_word' id='word_1_234' title='bbox 322 3933 387 3995; x_wconf 86' lang='lat' dir='ltr'>quies</span> <span class='ocrx_word' id='word_1_235' title='bbox 400 3932 493 3992; x_wconf 87' lang='lat' dir='ltr'>animo,</span> <span class='ocrx_word' id='word_1_236' title='bbox 507 3947 569 3978; x_wconf 85' lang='lat' dir='ltr'>rvrruc</span> <span class='ocrx_word' id='word_1_237' title='bbox 580 3931 627 3978; x_wconf 89' lang='lat' dir='ltr'>huc</span> <span class='ocrx_word' id='word_1_238' title='bbox 639 3947 701 3979; x_wconf 84' lang='lat' dir='ltr'>rrunc</span> <span class='ocrx_word' id='word_1_239' title='bbox 718 3941 792 3980; x_wconf 86' lang='lat' dir='ltr'>versat</span> <span class='ocrx_word' id='word_1_240' title='bbox 803 3941 829 3979; x_wconf 86' lang='lat' dir='ltr'>et</span> <span class='ocrx_word' id='word_1_241' title='bbox 842 3931 897 3979; x_wconf 88' lang='lat' dir='ltr'>illuc</span> 
     </span>
     <span class='ocr_line' id='line_1_39' title="bbox 238 4014 808 4078; baseline 0 -15"><span class='ocrx_word' id='word_1_242' title='bbox 238 4015 381 4074; x_wconf 75' lang='lat' dir='ltr'><strong>Consilium,</strong></span> <span class='ocrx_word' id='word_1_243' title='bbox 394 4015 452 4062; x_wconf 86' lang='lat' dir='ltr'>tales</span> <span class='ocrx_word' id='word_1_244' title='bbox 462 4015 550 4076; x_wconf 79' lang='lat' dir='ltr'>agitans</span> <span class='ocrx_word' id='word_1_245' title='bbox 564 4014 607 4061; x_wconf 77' lang='lat' dir='ltr'>suls</span> <span class='ocrx_word' id='word_1_246' title='bbox 621 4024 715 4078; x_wconf 84' lang='lat' dir='ltr'>pectore</span> <span class='ocrx_word' id='word_1_247' title='bbox 726 4031 808 4074; x_wconf 83' lang='lat' dir='ltr'>curas,</span> 
     </span>
     <span class='ocr_line' id='line_1_40' title="bbox 238 4095 886 4156; baseline 0.011 -17"><span class='ocrx_word' id='word_1_248' title='bbox 238 4095 322 4156; x_wconf 86' lang='lat' dir='ltr'>Qualis</span> <span class='ocrx_word' id='word_1_249' title='bbox 338 4102 404 4154; x_wconf 80' lang='lat' dir='ltr'>erat,</span> <span class='ocrx_word' id='word_1_250' title='bbox 419 4098 537 4142; x_wconf 83' lang='lat' dir='ltr'>Macetum</span> <span class='ocrx_word' id='word_1_251' title='bbox 551 4111 604 4141; x_wconf 89' lang='lat' dir='ltr'>cum</span> <span class='ocrx_word' id='word_1_252' title='bbox 617 4111 663 4141; x_wconf 91' lang='lat' dir='ltr'>nou</span> <span class='ocrx_word' id='word_1_253' title='bbox 676 4095 799 4144; x_wconf 75' lang='lat' dir='ltr'>exhorruit</span> <span class='ocrx_word' id='word_1_254' title='bbox 813 4111 886 4146; x_wconf 84' lang='lat' dir='ltr'>arma.</span> 
     </span>
     <span class='ocr_line' id='line_1_41' title="bbox 238 4179 816 4240; baseline -0.005 -11"><span class='ocrx_word' id='word_1_255' title='bbox 238 4182 326 4228; x_wconf 73' lang='lat' dir='ltr'>Forsan</span> <span class='ocrx_word' id='word_1_256' title='bbox 341 4187 364 4226; x_wconf 91' lang='lat' dir='ltr'>et</span> <span class='ocrx_word' id='word_1_257' title='bbox 378 4179 400 4224; x_wconf 92' lang='lat' dir='ltr'>in</span> <span class='ocrx_word' id='word_1_258' title='bbox 418 4194 485 4224; x_wconf 87' lang='lat' dir='ltr'>voces</span> <span class='ocrx_word' id='word_1_259' title='bbox 497 4179 572 4224; x_wconf 76' lang='lat' dir='ltr'>aviciam</span> <span class='ocrx_word' id='word_1_260' title='bbox 586 4189 749 4240; x_wconf 85' lang='lat' dir='ltr'>pevrmuperet</span> <span class='ocrx_word' id='word_1_261' title='bbox 768 4179 816 4236; x_wconf 83' lang='lat' dir='ltr'>ira,</span> 
     </span>
     <span class='ocr_line' id='line_1_42' title="bbox 239 4261 882 4326; baseline -0.003 -16"><span class='ocrx_word' id='word_1_262' title='bbox 239 4261 434 4326; x_wconf 82' lang='lat' dir='ltr'>Exprimeretque</span> <span class='ocrx_word' id='word_1_263' title='bbox 446 4277 504 4308; x_wconf 89' lang='lat' dir='ltr'>sono</span> <span class='ocrx_word' id='word_1_264' title='bbox 518 4261 580 4325; x_wconf 86' lang='lat' dir='ltr'>quod</span> <span class='ocrx_word' id='word_1_265' title='bbox 592 4261 664 4307; x_wconf 84' lang='lat' dir='ltr'>volvit</span> <span class='ocrx_word' id='word_1_266' title='bbox 675 4261 760 4320; x_wconf 84' lang='lat' dir='ltr'>corde,</span> <span class='ocrx_word' id='word_1_267' title='bbox 773 4262 814 4310; x_wconf 87' lang='lat' dir='ltr'>sed</span> <span class='ocrx_word' id='word_1_268' title='bbox 825 4263 882 4311; x_wconf 85' lang='lat' dir='ltr'>artis</span> 
     </span>
     <span class='ocr_line' id='line_1_43' title="bbox 239 4343 782 4410; baseline 0.002 -18"><span class='ocrx_word' id='word_1_269' title='bbox 239 4344 342 4410; x_wconf 88' lang='lat' dir='ltr'>Imperio</span> <span class='ocrx_word' id='word_1_270' title='bbox 355 4353 417 4392; x_wconf 86' lang='lat' dir='ltr'>tacet</span> <span class='ocrx_word' id='word_1_271' title='bbox 428 4360 470 4403; x_wconf 78' lang='grc' dir='ltr'><strong>εει,</strong></span> <span class='ocrx_word' id='word_1_272' title='bbox 482 4353 507 4391; x_wconf 88' lang='lat' dir='ltr'>et</span> <span class='ocrx_word' id='word_1_273' title='bbox 518 4344 580 4407; x_wconf 82' lang='lat' dir='ltr'>jussa</span> <span class='ocrx_word' id='word_1_274' title='bbox 591 4343 685 4390; x_wconf 89' lang='lat' dir='ltr'>silentia</span> <span class='ocrx_word' id='word_1_275' title='bbox 696 4352 782 4393; x_wconf 89' lang='lat' dir='ltr'>servat.</span> 
     </span>
    </p>
   </div>
   <div class='ocr_carea' id='block_1_9' title="bbox 494 4473 733 4541">
    <p class='ocr_par' dir='ltr' id='par_1_15' title="bbox 494 4473 733 4541">
     <span class='ocr_line' id='line_1_44' title="bbox 494 4473 733 4541; baseline 0 -15"><span class='ocrx_word' id='word_1_276' title='bbox 494 4481 538 4526; x_wconf 82' lang='lat' dir='ltr'>iv.</span> <span class='ocrx_word' id='word_1_277' title='bbox 558 4480 593 4526; x_wconf 84' lang='lat' dir='ltr'>De</span> <span class='ocrx_word' id='word_1_278' title='bbox 610 4473 733 4541; x_wconf 79' lang='lat' dir='ltr'><em>Euripide.</em></span> 
     </span>
    </p>
   </div>
   <div class='ocr_carea' id='block_1_10' title="bbox 237 4609 979 4845">
    <p class='ocr_par' dir='ltr' id='par_1_16' title="bbox 237 4609 979 4845">
     <span class='ocr_line' id='line_1_45' title="bbox 238 4609 781 4678; baseline -0.006 -15"><span class='ocrx_word' id='word_1_279' title='bbox 238 4613 319 4678; x_wconf 79' lang='lat' dir='ltr'>Euripi</span> <span class='ocrx_word' id='word_1_280' title='bbox 330 4613 371 4678; x_wconf 88' lang='lat' dir='ltr'>qui</span> <span class='ocrx_word' id='word_1_281' title='bbox 385 4627 472 4660; x_wconf 88' lang='lat' dir='ltr'>nomen</span> <span class='ocrx_word' id='word_1_282' title='bbox 483 4609 555 4660; x_wconf 88' lang='lat' dir='ltr'>hahet</span> <span class='ocrx_word' id='word_1_283' title='bbox 567 4613 654 4658; x_wconf 89' lang='lat' dir='ltr'>mirare</span> <span class='ocrx_word' id='word_1_284' title='bbox 666 4621 758 4676; x_wconf 88' lang='lat' dir='ltr'>poetam</span> <span class='ocrx_word' id='word_1_285' title='bbox 775 4629 781 4661; x_wconf 90' lang='lat'>:</span> 
     </span>
     <span class='ocr_line' id='line_1_46' title="bbox 238 4693 979 4760; baseline -0.007 -13"><span class='ocrx_word' id='word_1_286' title='bbox 238 4700 307 4747; x_wconf 85' lang='lat' dir='ltr'>Nunc</span> <span class='ocrx_word' id='word_1_287' title='bbox 319 4711 414 4760; x_wconf 83' lang='lat' dir='ltr'>qttoque</span> <span class='ocrx_word' id='word_1_288' title='bbox 427 4711 480 4744; x_wconf 89' lang='lat' dir='ltr'>cum</span> <span class='ocrx_word' id='word_1_289' title='bbox 493 4695 586 4757; x_wconf 82' lang='lat' dir='ltr'>tragicis</span> <span class='ocrx_word' id='word_1_290' title='bbox 599 4695 711 4759; x_wconf 85' lang='lat' dir='ltr'>loquitur,</span> <span class='ocrx_word' id='word_1_291' title='bbox 721 4696 760 4743; x_wconf 90' lang='lat' dir='ltr'>sed</span> <span class='ocrx_word' id='word_1_292' title='bbox 772 4695 850 4754; x_wconf 83' lang='lat' dir='ltr'>corde,</span> <span class='ocrx_word' id='word_1_293' title='bbox 863 4693 979 4744; x_wconf 77' lang='lat' dir='ltr'>Camoenis</span> 
     </span>
     <span class='ocr_line' id='line_1_47' title="bbox 237 4775 791 4845; baseline -0.005 -18"><span class='ocrx_word' id='word_1_294' title='bbox 237 4778 300 4827; x_wconf 85' lang='lat' dir='ltr'>Casti</span> <span class='ocrx_word' id='word_1_295' title='bbox 314 4793 384 4845; x_wconf 79' lang='lat' dir='ltr'>moras</span> <span class='ocrx_word' id='word_1_296' title='bbox 396 4775 492 4836; x_wconf 68' lang='lat' dir='ltr'>amausi</span> <span class='ocrx_word' id='word_1_297' title='bbox 509 4775 561 4824; x_wconf 85' lang='lat' dir='ltr'>talis</span> <span class='ocrx_word' id='word_1_298' title='bbox 575 4785 701 4839; x_wconf 79' lang='lat' dir='ltr'>tantusque</span> <span class='ocrx_word' id='word_1_299' title='bbox 718 4776 791 4824; x_wconf 85' lang='lat' dir='ltr'>videri</span> 
     </span>
    </p>
   </div>
   <div class='ocr_carea' id='block_1_11' title="bbox 238 4857 814 4925">
    <p class='ocr_par' dir='ltr' id='par_1_17' title="bbox 238 4857 814 4925">
     <span class='ocr_line' id='line_1_48' title="bbox 238 4857 814 4925; baseline -0.002 -14"><span class='ocrx_word' id='word_1_300' title='bbox 238 4863 318 4912; x_wconf 78' lang='lat' dir='ltr'>Attica</span> <span class='ocrx_word' id='word_1_301' title='bbox 331 4860 435 4910; x_wconf 88' lang='lat' dir='ltr'>vibravit</span> <span class='ocrx_word' id='word_1_302' title='bbox 448 4861 525 4925; x_wconf 86' lang='lat' dir='ltr'>qualis</span> <span class='ocrx_word' id='word_1_303' title='bbox 538 4877 581 4925; x_wconf 90' lang='lat' dir='ltr'>per</span> <span class='ocrx_word' id='word_1_304' title='bbox 594 4860 685 4925; x_wconf 87' lang='lat' dir='ltr'>pulpita</span> <span class='ocrx_word' id='word_1_305' title='bbox 698 4857 814 4925; x_wconf 79' lang='lat' dir='ltr'>thyrsum.</span> 
     </span>
    </p>
   </div>
   <div class='ocr_carea' id='block_1_12' title="bbox 498 4992 749 5061">
    <p class='ocr_par' dir='ltr' id='par_1_18' title="bbox 498 4992 749 5061">
     <span class='ocr_line' id='line_1_49' title="bbox 498 4992 749 5061; baseline 0.004 -18"><span class='ocrx_word' id='word_1_306' title='bbox 498 4999 531 5046; x_wconf 83' lang='lat' dir='ltr'>V.</span> <span class='ocrx_word' id='word_1_307' title='bbox 550 4999 587 5044; x_wconf 88' lang='lat' dir='ltr'>De</span> <span class='ocrx_word' id='word_1_308' title='bbox 603 4992 749 5061; x_wconf 77' lang='lat' dir='ltr'>Paloepitato.</span> 
     </span>
    </p>
   </div>
   <div class='ocr_carea' id='block_1_13' title="bbox 238 5127 850 5289">
    <p class='ocr_par' dir='ltr' id='par_1_19' title="bbox 238 5127 850 5289">
     <span class='ocr_line' id='line_1_50' title="bbox 238 5127 850 5199; baseline -0.005 -14"><span class='ocrx_word' id='word_1_309' title='bbox 238 5135 360 5186; x_wconf 77' lang='lat' dir='ltr'>cesariem</span> <span class='ocrx_word' id='word_1_310' title='bbox 373 5134 434 5184; x_wconf 87' lang='lat' dir='ltr'>lami</span> <span class='ocrx_word' id='word_1_311' title='bbox 447 5127 492 5183; x_wconf 83' lang='lat' dir='ltr'>sibi</span> <span class='ocrx_word' id='word_1_312' title='bbox 503 5134 588 5182; x_wconf 86' lang='lat' dir='ltr'>ironde</span> <span class='ocrx_word' id='word_1_313' title='bbox 602 5132 750 5199; x_wconf 81' lang='lat' dir='ltr'>Palaephatus</span> <span class='ocrx_word' id='word_1_314' title='bbox 764 5143 850 5183; x_wconf 88' lang='lat' dir='ltr'>ornat:</span> 
     </span>
     <span class='ocr_line' id='line_1_51' title="bbox 239 5217 781 5289; baseline -0.006 -21"><span class='ocrx_word' id='word_1_315' title='bbox 239 5218 349 5269; x_wconf 73' lang='lat' dir='ltr'>Fatidicis</span> <span class='ocrx_word' id='word_1_316' title='bbox 361 5218 466 5271; x_wconf 87' lang='lat' dir='ltr'>souitura</span> <span class='ocrx_word' id='word_1_317' title='bbox 479 5227 547 5289; x_wconf 85' lang='lat' dir='ltr'>putes</span> <span class='ocrx_word' id='word_1_318' title='bbox 557 5218 606 5284; x_wconf 86' lang='lat' dir='ltr'>jam</span> <span class='ocrx_word' id='word_1_319' title='bbox 617 5217 714 5268; x_wconf 86' lang='lat' dir='ltr'>vocibus</span> <span class='ocrx_word' id='word_1_320' title='bbox 725 5233 781 5266; x_wconf 74' lang='lat' dir='ltr'>nra.</span> 
     </span>
    </p>
   </div>
   <div class='ocr_carea' id='block_1_14' title="bbox 1055 580 1837 3277">
    <p class='ocr_par' dir='ltr' id='par_1_20' title="bbox 1061 580 1698 647">
     <span class='ocr_line' id='line_1_52' title="bbox 1061 580 1698 647; baseline 0.009 -17"><span class='ocrx_word' id='word_1_321' title='bbox 1061 581 1086 630; x_wconf 87' lang='lat' dir='ltr'>et</span> <span class='ocrx_word' id='word_1_322' title='bbox 1096 580 1216 631; x_wconf 76' lang='lat' dir='ltr'>volubiles</span> <span class='ocrx_word' id='word_1_323' title='bbox 1227 581 1296 631; x_wconf 77' lang='lat' dir='ltr'>daus</span> <span class='ocrx_word' id='word_1_324' title='bbox 1307 581 1474 644; x_wconf 76' lang='lat' dir='ltr'>significabant</span> <span class='ocrx_word' id='word_1_325' title='bbox 1482 597 1556 647; x_wconf 80' lang='lat' dir='ltr'>grave</span> <span class='ocrx_word' id='word_1_326' title='bbox 1564 585 1698 636; x_wconf 85' lang='lat' dir='ltr'>consilium.</span> 
     </span>
    </p>

    <p class='ocr_par' dir='ltr' id='par_1_21' title="bbox 1059 668 1837 1158">
     <span class='ocr_line' id='line_1_53' title="bbox 1092 668 1833 738; baseline 0.011 -20"><span class='ocrx_word' id='word_1_327' title='bbox 1092 671 1123 719; x_wconf 85' lang='lat' dir='ltr'>Et</span> <span class='ocrx_word' id='word_1_328' title='bbox 1131 668 1300 718; x_wconf 80' lang='lat' dir='ltr'>PaeariensIum</span> <span class='ocrx_word' id='word_1_329' title='bbox 1307 669 1431 732; x_wconf 84' lang='lat' dir='ltr'>popularis</span> <span class='ocrx_word' id='word_1_330' title='bbox 1440 669 1547 733; x_wconf 78' lang='lat' dir='ltr'><strong>fulgebat</strong></span> <span class='ocrx_word' id='word_1_331' title='bbox 1558 672 1618 722; x_wconf 81' lang='lat' dir='ltr'>tum</span> <span class='ocrx_word' id='word_1_332' title='bbox 1631 676 1833 738; x_wconf 66' lang='lat' dir='ltr'>(heumannum),</span> 
     </span>
     <span class='ocr_line' id='line_1_54' title="bbox 1060 755 1837 824; baseline 0.01 -18"><span class='ocrx_word' id='word_1_333' title='bbox 1060 755 1238 806; x_wconf 87' lang='lat' dir='ltr'>bene-sonantis</span> <span class='ocrx_word' id='word_1_334' title='bbox 1249 755 1365 806; x_wconf 86' lang='lat' dir='ltr'>orationis</span> <span class='ocrx_word' id='word_1_335' title='bbox 1376 759 1445 820; x_wconf 87' lang='lat' dir='ltr'>pater</span> <span class='ocrx_word' id='word_1_336' title='bbox 1458 759 1565 820; x_wconf 81' lang='lat' dir='ltr'>sepiem,</span> <span class='ocrx_word' id='word_1_337' title='bbox 1577 759 1620 822; x_wconf 89' lang='lat' dir='ltr'>qui</span> <span class='ocrx_word' id='word_1_338' title='bbox 1631 761 1726 824; x_wconf 83' lang='lat' dir='ltr'>pridem</span> <span class='ocrx_word' id='word_1_339' title='bbox 1735 762 1837 814; x_wconf 76' lang='lat' dir='ltr'>Athenis</span> 
     </span>
     <span class='ocr_line' id='line_1_55' title="bbox 1059 843 1837 922; baseline 0.013 -30"><span class='ocrx_word' id='word_1_340' title='bbox 1059 843 1287 894; x_wconf 73' lang='lat' dir='ltr'>suadaetlexanima</span> <span class='ocrx_word' id='word_1_341' title='bbox 1300 844 1444 907; x_wconf 78' lang='lat' dir='ltr'>prudentem</span> <span class='ocrx_word' id='word_1_342' title='bbox 1457 845 1536 895; x_wconf 82' lang='lat' dir='ltr'>facem</span> <span class='ocrx_word' id='word_1_343' title='bbox 1548 848 1677 922; x_wconf 42' lang='lat' dir='ltr'>accendit..</span> <span class='ocrx_word' id='word_1_344' title='bbox 1771 852 1837 914; x_wconf 79' lang='lat' dir='ltr'>[nem</span> 
     </span>
     <span class='ocr_line' id='line_1_56' title="bbox 1061 931 1834 1000; baseline 0.013 -21"><span class='ocrx_word' id='word_1_345' title='bbox 1061 933 1091 980; x_wconf 78' lang='lat' dir='ltr'>tt</span> <span class='ocrx_word' id='word_1_346' title='bbox 1104 931 1202 980; x_wconf 89' lang='lat' dir='ltr'>minime</span> <span class='ocrx_word' id='word_1_347' title='bbox 1211 931 1357 994; x_wconf 72' lang='lat' dir='ltr'>tanquillus</span> <span class='ocrx_word' id='word_1_348' title='bbox 1370 932 1494 996; x_wconf 85' lang='lat' dir='ltr'>apparuit,</span> <span class='ocrx_word' id='word_1_349' title='bbox 1506 933 1550 982; x_wconf 85' lang='lat' dir='ltr'>sed</span> <span class='ocrx_word' id='word_1_350' title='bbox 1560 934 1699 998; x_wconf 81' lang='lat' dir='ltr'>frequenter</span> <span class='ocrx_word' id='word_1_351' title='bbox 1710 938 1834 1000; x_wconf 82' lang='lat' dir='ltr'>cogitatio-</span> 
     </span>
     <span class='ocr_line' id='line_1_57' title="bbox 1060 1011 1772 1087; baseline 0.011 -20"><span class='ocrx_word' id='word_1_352' title='bbox 1060 1021 1148 1068; x_wconf 81' lang='lat' dir='ltr'>auimo</span> <span class='ocrx_word' id='word_1_353' title='bbox 1159 1011 1288 1081; x_wconf 80' lang='lat' dir='ltr'>versabat,</span> <span class='ocrx_word' id='word_1_354' title='bbox 1302 1020 1407 1070; x_wconf 91' lang='lat' dir='ltr'>solidum</span> <span class='ocrx_word' id='word_1_355' title='bbox 1420 1020 1547 1070; x_wconf 88' lang='lat' dir='ltr'>consilium</span> <span class='ocrx_word' id='word_1_356' title='bbox 1557 1023 1664 1074; x_wconf 88' lang='lat' dir='ltr'>volventi</span> <span class='ocrx_word' id='word_1_357' title='bbox 1672 1025 1772 1087; x_wconf 87' lang='lat' dir='ltr'>similis,</span> 
     </span>
     <span class='ocr_line' id='line_1_58' title="bbox 1059 1103 1598 1158; baseline 0.007 -4"><span class='ocrx_word' id='word_1_358' title='bbox 1059 1107 1127 1156; x_wconf 87' lang='lat' dir='ltr'>velut</span> <span class='ocrx_word' id='word_1_359' title='bbox 1140 1107 1165 1154; x_wconf 91' lang='lat' dir='ltr'>in</span> <span class='ocrx_word' id='word_1_360' title='bbox 1177 1103 1305 1156; x_wconf 88' lang='lat' dir='ltr'>bellicosos</span> <span class='ocrx_word' id='word_1_361' title='bbox 1320 1107 1464 1156; x_wconf 80' lang='lat' dir='ltr'><strong>Macedones</strong></span> <span class='ocrx_word' id='word_1_362' title='bbox 1479 1107 1598 1158; x_wconf 86' lang='lat' dir='ltr'>invectus.</span> 
     </span>
    </p>

    <p class='ocr_par' dir='ltr' id='par_1_22' title="bbox 1059 1194 1836 1439">
     <span class='ocr_line' id='line_1_59' title="bbox 1059 1194 1836 1263; baseline 0.01 -21"><span class='ocrx_word' id='word_1_363' title='bbox 1059 1196 1170 1244; x_wconf 79' lang='lat' dir='ltr'>Fortasse</span> <span class='ocrx_word' id='word_1_364' title='bbox 1181 1195 1258 1244; x_wconf 87' lang='lat' dir='ltr'>iratus</span> <span class='ocrx_word' id='word_1_365' title='bbox 1273 1194 1347 1245; x_wconf 88' lang='lat' dir='ltr'>citam</span> <span class='ocrx_word' id='word_1_366' title='bbox 1359 1195 1479 1245; x_wconf 78' lang='lat' dir='ltr'>emisisset</span> <span class='ocrx_word' id='word_1_367' title='bbox 1489 1209 1590 1258; x_wconf 84' lang='lat' dir='ltr'>rocem,</span> <span class='ocrx_word' id='word_1_368' title='bbox 1756 1197 1836 1263; x_wconf 73' lang='lat' dir='ltr'>[eum</span> 
     </span>
     <span class='ocr_line' id='line_1_60' title="bbox 1061 1280 1836 1344; baseline 0.012 -17"><span class='ocrx_word' id='word_1_369' title='bbox 1061 1280 1250 1342; x_wconf 82' lang='lat' dir='ltr'>cassam-spiritu</span> <span class='ocrx_word' id='word_1_370' title='bbox 1266 1281 1394 1344; x_wconf 81' lang='lat' dir='ltr'>imaginem</span> <span class='ocrx_word' id='word_1_371' title='bbox 1403 1281 1507 1332; x_wconf 87' lang='lat' dir='ltr'>reddens</span> <span class='ocrx_word' id='word_1_372' title='bbox 1525 1281 1676 1344; x_wconf 65' lang='lat' dir='ltr'>loquentem</span> <span class='ocrx_word' id='word_1_373' title='bbox 1696 1297 1781 1334; x_wconf 88' lang='lat' dir='ltr'>verum</span> <span class='ocrx_word' id='word_1_374' title='bbox 1795 1299 1836 1336; x_wconf 79' lang='lat' dir='ltr'>ara</span> 
     </span>
     <span class='ocr_line' id='line_1_61' title="bbox 1060 1369 1830 1439; baseline 0.009 -21"><span class='ocrx_word' id='word_1_375' title='bbox 1060 1369 1167 1420; x_wconf 75' lang='lat' dir='ltr'>devinxit</span> <span class='ocrx_word' id='word_1_376' title='bbox 1178 1369 1264 1420; x_wconf 87' lang='lat' dir='ltr'>ahenei</span> <span class='ocrx_word' id='word_1_377' title='bbox 1273 1371 1320 1420; x_wconf 89' lang='lat' dir='ltr'>sub</span> <span class='ocrx_word' id='word_1_378' title='bbox 1333 1370 1411 1434; x_wconf 77' lang='lat' dir='ltr'>sigillo</span> <span class='ocrx_word' id='word_1_379' title='bbox 1425 1371 1521 1429; x_wconf 81' lang='lat' dir='ltr'>silentii.</span> <span class='ocrx_word' id='word_1_380' title='bbox 1721 1374 1830 1439; x_wconf 66' lang='lat' dir='ltr'>[opinor.</span> 
     </span>
    </p>

    <p class='ocr_par' dir='ltr' id='par_1_23' title="bbox 1058 1458 1834 1782">
     <span class='ocr_line' id='line_1_62' title="bbox 1091 1458 1834 1524; baseline 0.008 -16"><span class='ocrx_word' id='word_1_381' title='bbox 1091 1459 1208 1509; x_wconf 78' lang='lat' dir='ltr'>Adstabat</span> <span class='ocrx_word' id='word_1_382' title='bbox 1218 1459 1256 1507; x_wconf 90' lang='lat' dir='ltr'>cui</span> <span class='ocrx_word' id='word_1_383' title='bbox 1265 1458 1296 1508; x_wconf 87' lang='lat' dir='ltr'>ab</span> <span class='ocrx_word' id='word_1_384' title='bbox 1303 1459 1392 1521; x_wconf 85' lang='lat' dir='ltr'>Euripo</span> <span class='ocrx_word' id='word_1_385' title='bbox 1399 1459 1541 1508; x_wconf 84' lang='lat' dir='ltr'>nomenluit</span> <span class='ocrx_word' id='word_1_386' title='bbox 1549 1462 1694 1524; x_wconf 78' lang='lat' dir='ltr'>(Eunramas)</span> <span class='ocrx_word' id='word_1_387' title='bbox 1702 1480 1709 1522; x_wconf 79' lang='lat'>3</span> <span class='ocrx_word' id='word_1_388' title='bbox 1717 1467 1834 1514; x_wconf 76' lang='lat' dir='ltr'>utentem</span> 
     </span>
     <span class='ocr_line' id='line_1_63' title="bbox 1060 1545 1696 1611; baseline 0.005 -16"><span class='ocrx_word' id='word_1_389' title='bbox 1060 1547 1122 1596; x_wconf 87' lang='lat' dir='ltr'>clam</span> <span class='ocrx_word' id='word_1_390' title='bbox 1134 1545 1207 1596; x_wconf 85' lang='lat' dir='ltr'>corde</span> <span class='ocrx_word' id='word_1_391' title='bbox 1223 1560 1279 1596; x_wconf 86' lang='lat' dir='ltr'>curn</span> <span class='ocrx_word' id='word_1_392' title='bbox 1298 1547 1395 1609; x_wconf 75' lang='lat' dir='ltr'>tragicis</span> <span class='ocrx_word' id='word_1_393' title='bbox 1406 1547 1484 1596; x_wconf 86' lang='lat' dir='ltr'>liusis</span> <span class='ocrx_word' id='word_1_394' title='bbox 1499 1547 1696 1611; x_wconf 88' lang='lat' dir='ltr'>conversabatur,</span> 
     </span>
     <span class='ocr_line' id='line_1_64' title="bbox 1058 1633 1712 1697; baseline 0.009 -17"><span class='ocrx_word' id='word_1_395' title='bbox 1058 1646 1132 1696; x_wconf 87' lang='lat' dir='ltr'>opera</span> <span class='ocrx_word' id='word_1_396' title='bbox 1141 1633 1258 1682; x_wconf 84' lang='lat' dir='ltr'>castitatIs</span> <span class='ocrx_word' id='word_1_397' title='bbox 1270 1646 1413 1696; x_wconf 84' lang='lat' dir='ltr'>percenseas</span> <span class='ocrx_word' id='word_1_398' title='bbox 1428 1655 1434 1682; x_wconf 94' lang='lat'>:</span> <span class='ocrx_word' id='word_1_399' title='bbox 1447 1633 1578 1697; x_wconf 87' lang='lat' dir='ltr'>adspectus</span> <span class='ocrx_word' id='word_1_400' title='bbox 1587 1635 1652 1684; x_wconf 89' lang='lat' dir='ltr'>enim</span> <span class='ocrx_word' id='word_1_401' title='bbox 1660 1640 1712 1686; x_wconf 89' lang='lat' dir='ltr'>erat</span> 
     </span>
     <span class='ocr_line' id='line_1_65' title="bbox 1058 1719 1623 1782; baseline 0.007 -15"><span class='ocrx_word' id='word_1_402' title='bbox 1058 1721 1127 1770; x_wconf 89' lang='lat' dir='ltr'>velut</span> <span class='ocrx_word' id='word_1_403' title='bbox 1138 1719 1235 1782; x_wconf 64' lang='lat' dir='ltr'>thyrsos</span> <span class='ocrx_word' id='word_1_404' title='bbox 1247 1720 1364 1770; x_wconf 84' lang='lat' dir='ltr'>vibrantis</span> <span class='ocrx_word' id='word_1_405' title='bbox 1378 1721 1402 1768; x_wconf 92' lang='lat' dir='ltr'>in</span> <span class='ocrx_word' id='word_1_406' title='bbox 1417 1721 1500 1770; x_wconf 79' lang='lat' dir='ltr'>atticis</span> <span class='ocrx_word' id='word_1_407' title='bbox 1512 1721 1623 1772; x_wconf 79' lang='lat' dir='ltr'>theatris.</span> 
     </span>
    </p>

    <p class='ocr_par' dir='ltr' id='par_1_24' title="bbox 1059 1801 1756 1958">
     <span class='ocr_line' id='line_1_66' title="bbox 1089 1801 1756 1871; baseline 0.007 -15"><span class='ocrx_word' id='word_1_408' title='bbox 1089 1801 1182 1857; x_wconf 82' lang='lat' dir='ltr'>Laurea</span> <span class='ocrx_word' id='word_1_409' title='bbox 1190 1808 1310 1858; x_wconf 78' lang='lat' dir='ltr'>commatis</span> <span class='ocrx_word' id='word_1_410' title='bbox 1322 1809 1428 1858; x_wconf 81' lang='lat' dir='ltr'>crinibus</span> <span class='ocrx_word' id='word_1_411' title='bbox 1440 1808 1581 1871; x_wconf 86' lang='lat' dir='ltr'>splendebat</span> <span class='ocrx_word' id='word_1_412' title='bbox 1593 1813 1756 1862; x_wconf 74' lang='lat' dir='ltr'>Passennus</span> 
     </span>
     <span class='ocr_line' id='line_1_67' title="bbox 1059 1895 1684 1958; baseline 0.005 -14"><span class='ocrx_word' id='word_1_413' title='bbox 1059 1901 1140 1958; x_wconf 86' lang='lat' dir='ltr'>vates,</span> <span class='ocrx_word' id='word_1_414' title='bbox 1157 1899 1182 1946; x_wconf 89' lang='lat' dir='ltr'>et</span> <span class='ocrx_word' id='word_1_415' title='bbox 1197 1895 1321 1945; x_wconf 75' lang='lat' dir='ltr'>fatidicam</span> <span class='ocrx_word' id='word_1_416' title='bbox 1334 1909 1420 1945; x_wconf 88' lang='lat' dir='ltr'>vocem</span> <span class='ocrx_word' id='word_1_417' title='bbox 1435 1896 1536 1946; x_wconf 87' lang='lat' dir='ltr'>tundere</span> <span class='ocrx_word' id='word_1_418' title='bbox 1549 1897 1684 1948; x_wconf 85' lang='lat' dir='ltr'>videbatur.</span> 
     </span>
    </p>

    <p class='ocr_par' dir='ltr' id='par_1_25' title="bbox 1055 1983 1834 3011">
     <span class='ocr_line' id='line_1_68' title="bbox 1089 1983 1731 2036; baseline 0.006 -4"><span class='ocrx_word' id='word_1_419' title='bbox 1089 1987 1206 2032; x_wconf 80' lang='lat' dir='ltr'>iimronns</span> <span class='ocrx_word' id='word_1_420' title='bbox 1219 1987 1331 2033; x_wconf 70' lang='lat' dir='ltr'>Ascraeus</span> <span class='ocrx_word' id='word_1_421' title='bbox 1344 1983 1430 2033; x_wconf 87' lang='lat' dir='ltr'>similis</span> <span class='ocrx_word' id='word_1_422' title='bbox 1444 1984 1492 2034; x_wconf 85' lang='lat' dir='ltr'>tuit</span> <span class='ocrx_word' id='word_1_423' title='bbox 1506 1987 1632 2034; x_wconf 86' lang='lat' dir='ltr'>montanas</span> <span class='ocrx_word' id='word_1_424' title='bbox 1648 1989 1731 2036; x_wconf 86' lang='lat' dir='ltr'>ttusas</span> 
     </span>
     <span class='ocr_line' id='line_1_69' title="bbox 1058 2071 1714 2136; baseline 0.002 -14"><span class='ocrx_word' id='word_1_425' title='bbox 1058 2072 1204 2134; x_wconf 84' lang='lat' dir='ltr'>alloquenti,</span> <span class='ocrx_word' id='word_1_426' title='bbox 1219 2072 1317 2134; x_wconf 89' lang='lat' dir='ltr'>vimque</span> <span class='ocrx_word' id='word_1_427' title='bbox 1328 2073 1371 2120; x_wconf 75' lang='lat' dir='ltr'>aeri</span> <span class='ocrx_word' id='word_1_428' title='bbox 1385 2071 1505 2122; x_wconf 82' lang='lat' dir='ltr'>atterebat</span> <span class='ocrx_word' id='word_1_429' title='bbox 1518 2072 1602 2122; x_wconf 90' lang='lat' dir='ltr'>insano</span> <span class='ocrx_word' id='word_1_430' title='bbox 1618 2074 1714 2136; x_wconf 84' lang='lat' dir='ltr'>lurore,</span> 
     </span>
     <span class='ocr_line' id='line_1_70' title="bbox 1058 2158 1727 2223; baseline 0.004 -14"><span class='ocrx_word' id='word_1_431' title='bbox 1058 2159 1169 2209; x_wconf 91' lang='lat' dir='ltr'>divinum</span> <span class='ocrx_word' id='word_1_432' title='bbox 1180 2158 1280 2222; x_wconf 86' lang='lat' dir='ltr'>cupiens</span> <span class='ocrx_word' id='word_1_433' title='bbox 1294 2173 1391 2208; x_wconf 90' lang='lat' dir='ltr'>carmen</span> <span class='ocrx_word' id='word_1_434' title='bbox 1403 2172 1550 2221; x_wconf 81' lang='lat' dir='ltr'>expromere.</span> <span class='ocrx_word' id='word_1_435' title='bbox 1569 2163 1647 2223; x_wconf 89' lang='lat' dir='ltr'>Prope</span> <span class='ocrx_word' id='word_1_436' title='bbox 1658 2161 1727 2212; x_wconf 89' lang='lat' dir='ltr'>illum</span> 
     </span>
     <span class='ocr_line' id='line_1_71' title="bbox 1057 2246 1647 2298; baseline 0.005 -3"><span class='ocrx_word' id='word_1_437' title='bbox 1057 2261 1144 2296; x_wconf 87' lang='lat' dir='ltr'>rursus</span> <span class='ocrx_word' id='word_1_438' title='bbox 1155 2246 1217 2296; x_wconf 87' lang='lat' dir='ltr'>alius</span> <span class='ocrx_word' id='word_1_439' title='bbox 1229 2249 1281 2296; x_wconf 90' lang='lat' dir='ltr'>erat</span> <span class='ocrx_word' id='word_1_440' title='bbox 1293 2247 1437 2296; x_wconf 89' lang='lat' dir='ltr'>vaticinator</span> <span class='ocrx_word' id='word_1_441' title='bbox 1448 2246 1554 2296; x_wconf 83' lang='lat' dir='ltr'>Phoebea</span> <span class='ocrx_word' id='word_1_442' title='bbox 1562 2248 1647 2298; x_wconf 87' lang='lat' dir='ltr'>laurea</span> 
     </span>
     <span class='ocr_line' id='line_1_72' title="bbox 1057 2334 1656 2396; baseline 0.003 -12"><span class='ocrx_word' id='word_1_443' title='bbox 1057 2337 1171 2395; x_wconf 84' lang='lat' dir='ltr'>ornatus,</span> <span class='ocrx_word' id='word_1_444' title='bbox 1189 2337 1319 2393; x_wconf 69' lang='lat' dir='ltr'>Pomanus,</span> <span class='ocrx_word' id='word_1_445' title='bbox 1335 2334 1366 2384; x_wconf 93' lang='lat' dir='ltr'>ab</span> <span class='ocrx_word' id='word_1_446' title='bbox 1384 2347 1425 2383; x_wconf 89' lang='lat' dir='ltr'>ove</span> <span class='ocrx_word' id='word_1_447' title='bbox 1439 2334 1538 2396; x_wconf 81' lang='lat' dir='ltr'>quidem</span> <span class='ocrx_word' id='word_1_448' title='bbox 1560 2335 1656 2386; x_wconf 85' lang='lat' dir='ltr'>vibrare</span> 
     </span>
     <span class='ocr_line' id='line_1_73' title="bbox 1057 2420 1609 2485; baseline 0.004 -15"><span class='ocrx_word' id='word_1_449' title='bbox 1057 2423 1176 2485; x_wconf 72' lang='lat' dir='ltr'>cogitabat</span> <span class='ocrx_word' id='word_1_450' title='bbox 1192 2422 1299 2471; x_wconf 87' lang='lat' dir='ltr'>vaticinii</span> <span class='ocrx_word' id='word_1_451' title='bbox 1314 2435 1413 2480; x_wconf 80' lang='lat' dir='ltr'>sonum3</span> <span class='ocrx_word' id='word_1_452' title='bbox 1425 2420 1468 2470; x_wconf 88' lang='lat' dir='ltr'>sed</span> <span class='ocrx_word' id='word_1_453' title='bbox 1478 2435 1517 2472; x_wconf 85' lang='lat' dir='ltr'>ars</span> <span class='ocrx_word' id='word_1_454' title='bbox 1527 2422 1609 2485; x_wconf 91' lang='lat' dir='ltr'>ipsum</span> 
     </span>
     <span class='ocr_line' id='line_1_74' title="bbox 1057 2507 1833 2577; baseline 0.006 -19"><span class='ocrx_word' id='word_1_455' title='bbox 1057 2510 1155 2559; x_wconf 87' lang='lat' dir='ltr'>vinculo</span> <span class='ocrx_word' id='word_1_456' title='bbox 1166 2512 1235 2558; x_wconf 89' lang='lat' dir='ltr'>muto</span> <span class='ocrx_word' id='word_1_457' title='bbox 1247 2507 1363 2557; x_wconf 87' lang='lat' dir='ltr'>cohibuit.</span> <span class='ocrx_word' id='word_1_458' title='bbox 1379 2511 1462 2570; x_wconf 78' lang='lat' dir='ltr'>Neque</span> <span class='ocrx_word' id='word_1_459' title='bbox 1474 2513 1503 2558; x_wconf 90' lang='lat' dir='ltr'>tu</span> <span class='ocrx_word' id='word_1_460' title='bbox 1516 2511 1651 2559; x_wconf 87' lang='lat' dir='ltr'>carminum</span> <span class='ocrx_word' id='word_1_461' title='bbox 1764 2513 1833 2577; x_wconf 85' lang='lat' dir='ltr'>[dam</span> 
     </span>
     <span class='ocr_line' id='line_1_75' title="bbox 1056 2575 1826 2660; baseline 0.005 -14"><span class='ocrx_word' id='word_1_462' title='bbox 1056 2597 1165 2660; x_wconf 87' lang='lat' dir='ltr'>sopivisti</span> <span class='ocrx_word' id='word_1_463' title='bbox 1182 2600 1293 2648; x_wconf 88' lang='lat' dir='ltr'>tenerum</span> <span class='ocrx_word' id='word_1_464' title='bbox 1307 2609 1425 2654; x_wconf 82' lang='lat' dir='ltr'>amorem,</span> <span class='ocrx_word' id='word_1_465' title='bbox 1446 2601 1575 2646; x_wconf 83' lang='lat' dir='ltr'>Sruomnas</span> <span class='ocrx_word' id='word_1_466' title='bbox 1584 2637 1590 2657; x_wconf 85' lang='grc'><strong>,</strong></span> <span class='ocrx_word' id='word_1_467' title='bbox 1600 2575 1751 2649; x_wconf 46' lang='lat' dir='ltr'>ased‘adlruc</span> <span class='ocrx_word' id='word_1_468' title='bbox 1765 2600 1826 2650; x_wconf 85' lang='lat' dir='ltr'>chor</span> 
     </span>
     <span class='ocr_line' id='line_1_76' title="bbox 1056 2687 1766 2752; baseline 0.003 -14"><span class='ocrx_word' id='word_1_469' title='bbox 1056 2689 1193 2748; x_wconf 87' lang='lat' dir='ltr'>desideras,</span> <span class='ocrx_word' id='word_1_470' title='bbox 1206 2689 1283 2749; x_wconf 74' lang='lat' dir='ltr'>lyram</span> <span class='ocrx_word' id='word_1_471' title='bbox 1295 2701 1353 2735; x_wconf 88' lang='lat' dir='ltr'>vero</span> <span class='ocrx_word' id='word_1_472' title='bbox 1367 2701 1461 2734; x_wconf 83' lang='lat' dir='ltr'>sacram</span> <span class='ocrx_word' id='word_1_473' title='bbox 1475 2687 1586 2736; x_wconf 82' lang='lat' dir='ltr'>mambus</span> <span class='ocrx_word' id='word_1_474' title='bbox 1596 2687 1662 2738; x_wconf 92' lang='lat' dir='ltr'>haud</span> <span class='ocrx_word' id='word_1_475' title='bbox 1675 2691 1766 2752; x_wconf 85' lang='lat' dir='ltr'>pulsas.</span> 
     </span>
     <span class='ocr_line' id='line_1_77' title="bbox 1057 2773 1708 2838; baseline -0.003 -11"><span class='ocrx_word' id='word_1_476' title='bbox 1057 2777 1177 2836; x_wconf 85' lang='lat' dir='ltr'>Debobat,</span> <span class='ocrx_word' id='word_1_477' title='bbox 1192 2776 1235 2838; x_wconf 89' lang='lat' dir='ltr'>qui</span> <span class='ocrx_word' id='word_1_478' title='bbox 1249 2779 1274 2825; x_wconf 89' lang='lat' dir='ltr'>te</span> <span class='ocrx_word' id='word_1_479' title='bbox 1288 2775 1367 2833; x_wconf 81' lang='lat' dir='ltr'>tinxit,</span> <span class='ocrx_word' id='word_1_480' title='bbox 1379 2773 1429 2822; x_wconf 79' lang='lat' dir='ltr'>sim</span> <span class='ocrx_word' id='word_1_481' title='bbox 1438 2774 1529 2835; x_wconf 81' lang='lat' dir='ltr'>midos,</span> <span class='ocrx_word' id='word_1_482' title='bbox 1545 2775 1649 2825; x_wconf 83' lang='lat' dir='ltr'>debebat</span> <span class='ocrx_word' id='word_1_483' title='bbox 1665 2777 1708 2826; x_wconf 79' lang='lat' dir='ltr'>aeri</span> 
     </span>
     <span class='ocr_line' id='line_1_78' title="bbox 1057 2855 1834 2918; baseline 0.001 -8"><span class='ocrx_word' id='word_1_484' title='bbox 1057 2863 1191 2910; x_wconf 84' lang='lat' dir='ltr'>hnmisccre</span> <span class='ocrx_word' id='word_1_485' title='bbox 1206 2863 1282 2910; x_wconf 86' lang='lat' dir='ltr'>melos</span> <span class='ocrx_word' id='word_1_486' title='bbox 1291 2861 1376 2918; x_wconf 88' lang='lat' dir='ltr'>dulce;</span> <span class='ocrx_word' id='word_1_487' title='bbox 1388 2863 1412 2908; x_wconf 88' lang='lat' dir='ltr'>tc</span> <span class='ocrx_word' id='word_1_488' title='bbox 1425 2873 1483 2908; x_wconf 82' lang='lat' dir='ltr'>vcro</span> <span class='ocrx_word' id='word_1_489' title='bbox 1497 2861 1569 2909; x_wconf 87' lang='lat' dir='ltr'>ctiam</span> <span class='ocrx_word' id='word_1_490' title='bbox 1584 2876 1618 2910; x_wconf 75' lang='lat' dir='ltr'>aas</span> <span class='ocrx_word' id='word_1_491' title='bbox 1630 2862 1756 2912; x_wconf 88' lang='lat' dir='ltr'>siue-voce</span> <span class='ocrx_word' id='word_1_492' title='bbox 1831 2855 1834 2868; x_wconf 87' lang='lat'>&#39;</span> 
     </span>
     <span class='ocr_line' id='line_1_79' title="bbox 1055 2948 1769 3011; baseline 0 -13"><span class='ocrx_word' id='word_1_493' title='bbox 1055 2950 1196 3010; x_wconf 84' lang='lat' dir='ltr'>reveritum,</span> <span class='ocrx_word' id='word_1_494' title='bbox 1211 2948 1330 3011; x_wconf 53' lang='lat' dir='ltr'>rhythmis</span> <span class='ocrx_word' id='word_1_495' title='bbox 1342 2948 1441 2998; x_wconf 76' lang='lat' dir='ltr'>cithara·</span> <span class='ocrx_word' id='word_1_496' title='bbox 1454 2950 1503 2996; x_wconf 78' lang='lat' dir='ltr'>tua</span> <span class='ocrx_word' id='word_1_497' title='bbox 1511 2949 1676 3010; x_wconf 86' lang='lat' dir='ltr'>respondisset</span> <span class='ocrx_word' id='word_1_498' title='bbox 1690 2953 1769 3000; x_wconf 87' lang='lat' dir='ltr'>cantu.</span> 
     </span>
    </p>

    <p class='ocr_par' dir='ltr' id='par_1_26' title="bbox 1056 3034 1790 3186">
     <span class='ocr_line' id='line_1_80' title="bbox 1087 3034 1751 3098; baseline 0.002 -13"><span class='ocrx_word' id='word_1_499' title='bbox 1087 3038 1142 3086; x_wconf 82' lang='lat' dir='ltr'>Fuit</span> <span class='ocrx_word' id='word_1_500' title='bbox 1151 3041 1308 3086; x_wconf 71' lang='lat' dir='ltr'>hsaxruavas</span> <span class='ocrx_word' id='word_1_501' title='bbox 1318 3035 1414 3097; x_wconf 87' lang='lat' dir='ltr'>sapiens</span> <span class='ocrx_word' id='word_1_502' title='bbox 1423 3034 1590 3098; x_wconf 85' lang='lat' dir='ltr'>philosophus,</span> <span class='ocrx_word' id='word_1_503' title='bbox 1602 3041 1626 3086; x_wconf 90' lang='lat' dir='ltr'>et</span> <span class='ocrx_word' id='word_1_504' title='bbox 1636 3037 1661 3084; x_wconf 91' lang='lat' dir='ltr'>iu</span> <span class='ocrx_word' id='word_1_505' title='bbox 1670 3037 1751 3086; x_wconf 87' lang='lat' dir='ltr'>animo</span> 
     </span>
     <span class='ocr_line' id='line_1_81' title="bbox 1056 3121 1790 3186; baseline 0 -13"><span class='ocrx_word' id='word_1_506' title='bbox 1056 3125 1145 3174; x_wconf 79' lang='lat' dir='ltr'>divinae</span> <span class='ocrx_word' id='word_1_507' title='bbox 1158 3123 1271 3173; x_wconf 87' lang='lat' dir='ltr'>volvebat</span> <span class='ocrx_word' id='word_1_508' title='bbox 1282 3121 1430 3186; x_wconf 84' lang='lat' dir='ltr'>multiplices</span> <span class='ocrx_word' id='word_1_509' title='bbox 1445 3123 1601 3186; x_wconf 80' lang='lat' dir='ltr'>cogitationes</span> <span class='ocrx_word' id='word_1_510' title='bbox 1612 3125 1708 3174; x_wconf 88' lang='lat' dir='ltr'>mentis.</span> <span class='ocrx_word' id='word_1_511' title='bbox 1786 3177 1790 3186; x_wconf 60' lang='grc'><strong>,</strong></span> 
     </span>
    </p>

    <p class='ocr_par' dir='ltr' id='par_1_27' title="bbox 1088 3213 1821 3277">
     <span class='ocr_line' id='line_1_82' title="bbox 1088 3213 1821 3277; baseline 0.001 -14"><span class='ocrx_word' id='word_1_512' title='bbox 1088 3215 1211 3264; x_wconf 89' lang='lat' dir='ltr'>&#39;I&#39;hestoris</span> <span class='ocrx_word' id='word_1_513' title='bbox 1221 3215 1277 3262; x_wconf 88' lang='lat' dir='ltr'>hinc</span> <span class='ocrx_word' id='word_1_514' title='bbox 1287 3213 1360 3275; x_wconf 86' lang='lat' dir='ltr'>tilius,</span> <span class='ocrx_word' id='word_1_515' title='bbox 1370 3213 1488 3276; x_wconf 86' lang='lat' dir='ltr'>propheta</span> <span class='ocrx_word' id='word_1_516' title='bbox 1497 3227 1576 3276; x_wconf 76' lang='lat' dir='ltr'>sagax,</span> <span class='ocrx_word' id='word_1_517' title='bbox 1588 3215 1682 3265; x_wconf 88' lang='lat' dir='ltr'>adstitit</span> <span class='ocrx_word' id='word_1_518' title='bbox 1700 3217 1821 3277; x_wconf 80' lang='lat' dir='ltr'>Caacnas,</span> 
     </span>
    </p>
   </div>
   <div class='ocr_carea' id='block_1_15' title="bbox 1123 3463 1758 3544">
    <p class='ocr_par' dir='ltr' id='par_1_28' title="bbox 1123 3463 1758 3544">
     <span class='ocr_line' id='line_1_83' title="bbox 1123 3463 1758 3544; baseline 0.005 -18"><span class='ocrx_word' id='word_1_519' title='bbox 1123 3483 1167 3530; x_wconf 85' lang='lat' dir='ltr'>vt.</span> <span class='ocrx_word' id='word_1_520' title='bbox 1187 3484 1223 3528; x_wconf 86' lang='lat' dir='ltr'>De</span> <span class='ocrx_word' id='word_1_521' title='bbox 1241 3477 1344 3526; x_wconf 76' lang='lat' dir='ltr'>Hesiodo</span> <span class='ocrx_word' id='word_1_522' title='bbox 1361 3490 1383 3525; x_wconf 86' lang='lat' dir='ltr'>et</span> <span class='ocrx_word' id='word_1_523' title='bbox 1395 3463 1499 3544; x_wconf 78' lang='lat' dir='ltr'>¹Polyido</span> <span class='ocrx_word' id='word_1_524' title='bbox 1518 3491 1574 3526; x_wconf 80' lang='lat' dir='ltr'>vote</span> <span class='ocrx_word' id='word_1_525' title='bbox 1592 3490 1614 3528; x_wconf 88' lang='lat' dir='ltr'>et</span> <span class='ocrx_word' id='word_1_526' title='bbox 1630 3479 1758 3529; x_wconf 82' lang='lat' dir='ltr'>Simonide.</span> 
     </span>
    </p>
   </div>
   <div class='ocr_carea' id='block_1_16' title="bbox 1056 3628 1780 4599">
    <p class='ocr_par' dir='ltr' id='par_1_29' title="bbox 1056 3628 1751 3856">
     <span class='ocr_line' id='line_1_84' title="bbox 1056 3628 1667 3678; baseline 0.002 -1"><span class='ocrx_word' id='word_1_527' title='bbox 1056 3630 1175 3678; x_wconf 80' lang='lat' dir='ltr'>Disserere</span> <span class='ocrx_word' id='word_1_528' title='bbox 1188 3629 1315 3676; x_wconf 84' lang='lat' dir='ltr'>Hesiodum</span> <span class='ocrx_word' id='word_1_529' title='bbox 1331 3628 1406 3676; x_wconf 76' lang='lat' dir='ltr'>blateis</span> <span class='ocrx_word' id='word_1_530' title='bbox 1417 3628 1579 3678; x_wconf 83' lang='lat' dir='ltr'>habitantibus</span> <span class='ocrx_word' id='word_1_531' title='bbox 1590 3635 1667 3678; x_wconf 76' lang='lat' dir='ltr'>Ascrae</span> 
     </span>
     <span class='ocr_line' id='line_1_85' title="bbox 1058 3711 1751 3776; baseline -0.003 -14"><span class='ocrx_word' id='word_1_532' title='bbox 1058 3717 1151 3762; x_wconf 83' lang='lat' dir='ltr'>Smrmta</span> <span class='ocrx_word' id='word_1_533' title='bbox 1165 3722 1251 3776; x_wconf 85' lang='lat' dir='ltr'>putes:</span> <span class='ocrx_word' id='word_1_534' title='bbox 1268 3712 1342 3776; x_wconf 87' lang='lat' dir='ltr'>ipsum</span> <span class='ocrx_word' id='word_1_535' title='bbox 1356 3711 1412 3775; x_wconf 89' lang='lat' dir='ltr'>quin</span> <span class='ocrx_word' id='word_1_536' title='bbox 1426 3729 1456 3760; x_wconf 78' lang='lat' dir='ltr'>aes</span> <span class='ocrx_word' id='word_1_537' title='bbox 1474 3728 1568 3776; x_wconf 85' lang='lat' dir='ltr'>quoque</span> <span class='ocrx_word' id='word_1_538' title='bbox 1580 3729 1663 3776; x_wconf 76' lang='lat' dir='ltr'>cogere</span> <span class='ocrx_word' id='word_1_539' title='bbox 1676 3721 1751 3762; x_wconf 83' lang='lat' dir='ltr'>tautat</span> 
     </span>
     <span class='ocr_line' id='line_1_86' title="bbox 1059 3793 1620 3856; baseline 0 -16"><span class='ocrx_word' id='word_1_540' title='bbox 1059 3794 1165 3841; x_wconf 86' lang='lat' dir='ltr'>Edemlos</span> <span class='ocrx_word' id='word_1_541' title='bbox 1183 3793 1212 3840; x_wconf 87' lang='lat' dir='ltr'>ad</span> <span class='ocrx_word' id='word_1_542' title='bbox 1227 3809 1282 3839; x_wconf 84' lang='lat' dir='ltr'>voce</span> <span class='ocrx_word' id='word_1_543' title='bbox 1295 3809 1372 3840; x_wconf 81' lang='lat' dir='ltr'>sorios.</span> <span class='ocrx_word' id='word_1_544' title='bbox 1386 3796 1436 3841; x_wconf 88' lang='lat' dir='ltr'>Stat</span> <span class='ocrx_word' id='word_1_545' title='bbox 1452 3793 1572 3856; x_wconf 75' lang='lat' dir='ltr'>prosimus</span> <span class='ocrx_word' id='word_1_546' title='bbox 1586 3795 1620 3841; x_wconf 92' lang='lat' dir='ltr'>illi</span> 
     </span>
    </p>

    <p class='ocr_par' dir='ltr' id='par_1_30' title="bbox 1057 3872 1666 4019">
     <span class='ocr_line' id='line_1_87' title="bbox 1058 3872 1666 3938; baseline 0 -16"><span class='ocrx_word' id='word_1_547' title='bbox 1058 3875 1157 3922; x_wconf 86' lang='lat' dir='ltr'>Fromlis</span> <span class='ocrx_word' id='word_1_548' title='bbox 1170 3873 1303 3938; x_wconf 79' lang='lat' dir='ltr'>Apollineae</span> <span class='ocrx_word' id='word_1_549' title='bbox 1314 3873 1424 3937; x_wconf 72' lang='lat' dir='ltr'>Polyidus</span> <span class='ocrx_word' id='word_1_550' title='bbox 1435 3872 1525 3921; x_wconf 87' lang='lat' dir='ltr'>honore</span> <span class='ocrx_word' id='word_1_551' title='bbox 1537 3874 1666 3938; x_wconf 80' lang='lat' dir='ltr'>superbus,</span> 
     </span>
     <span class='ocr_line' id='line_1_88' title="bbox 1057 3953 1583 4019; baseline 0.002 -17"><span class='ocrx_word' id='word_1_552' title='bbox 1057 3959 1152 4019; x_wconf 85' lang='lat' dir='ltr'>Oraque</span> <span class='ocrx_word' id='word_1_553' title='bbox 1166 3965 1267 4002; x_wconf 84' lang='lat' dir='ltr'>corvatur</span> <span class='ocrx_word' id='word_1_554' title='bbox 1278 3953 1331 4001; x_wconf 85' lang='lat' dir='ltr'>latis</span> <span class='ocrx_word' id='word_1_555' title='bbox 1344 3955 1436 4018; x_wconf 73' lang='lat' dir='ltr'>alacrite</span> <span class='ocrx_word' id='word_1_556' title='bbox 1454 3955 1564 4002; x_wconf 82' lang='lat' dir='ltr'>carrevrdis</span> <span class='ocrx_word' id='word_1_557' title='bbox 1577 3972 1583 4004; x_wconf 74' lang='grc' dir='ltr'><strong>ι</strong></span> 
     </span>
    </p>

    <p class='ocr_par' dir='ltr' id='par_1_31' title="bbox 1057 4039 1705 4185">
     <span class='ocr_line' id='line_1_89' title="bbox 1057 4039 1705 4103; baseline 0 -17"><span class='ocrx_word' id='word_1_558' title='bbox 1057 4043 1102 4086; x_wconf 79' lang='lat' dir='ltr'>Ars</span> <span class='ocrx_word' id='word_1_559' title='bbox 1113 4047 1189 4100; x_wconf 67' lang='grc' dir='ltr'><strong>ναίοις</strong></span> <span class='ocrx_word' id='word_1_560' title='bbox 1200 4039 1347 4098; x_wconf 82' lang='lat' dir='ltr'>adstringunt</span> <span class='ocrx_word' id='word_1_561' title='bbox 1357 4039 1473 4101; x_wconf 85' lang='lat' dir='ltr'>captivam</span> <span class='ocrx_word' id='word_1_562' title='bbox 1487 4039 1580 4086; x_wconf 82' lang='lat' dir='ltr'>vincula</span> <span class='ocrx_word' id='word_1_563' title='bbox 1592 4039 1705 4103; x_wconf 81' lang='lat' dir='ltr'>lingnam.</span> 
     </span>
     <span class='ocr_line' id='line_1_90' title="bbox 1058 4120 1616 4185; baseline 0.004 -17"><span class='ocrx_word' id='word_1_564' title='bbox 1058 4123 1107 4168; x_wconf 85' lang='lat' dir='ltr'>Nec</span> <span class='ocrx_word' id='word_1_565' title='bbox 1120 4122 1162 4169; x_wconf 81' lang='lat' dir='ltr'>tibi</span> <span class='ocrx_word' id='word_1_566' title='bbox 1181 4121 1291 4169; x_wconf 83' lang='lat' dir='ltr'>cantandi</span> <span class='ocrx_word' id='word_1_567' title='bbox 1305 4121 1401 4168; x_wconf 81' lang='lat' dir='ltr'>decessit</span> <span class='ocrx_word' id='word_1_568' title='bbox 1417 4120 1501 4168; x_wconf 77' lang='lat' dir='ltr'>islanda</span> <span class='ocrx_word' id='word_1_569' title='bbox 1515 4121 1616 4185; x_wconf 86' lang='lat' dir='ltr'>cupido,</span> 
     </span>
    </p>

    <p class='ocr_par' dir='ltr' id='par_1_32' title="bbox 1057 4201 1698 4348">
     <span class='ocr_line' id='line_1_91' title="bbox 1057 4201 1698 4266; baseline 0.005 -18"><span class='ocrx_word' id='word_1_570' title='bbox 1057 4205 1078 4249; x_wconf 92' lang='grc' dir='ltr'>Ο</span> <span class='ocrx_word' id='word_1_571' title='bbox 1091 4206 1163 4250; x_wconf 73' lang='grc' dir='ltr'><strong>Πανία</strong></span> <span class='ocrx_word' id='word_1_572' title='bbox 1173 4203 1280 4250; x_wconf 84' lang='lat' dir='ltr'>adamate</span> <span class='ocrx_word' id='word_1_573' title='bbox 1294 4201 1415 4251; x_wconf 74' lang='lat' dir='ltr'>SImotritlu</span> <span class='ocrx_word' id='word_1_574' title='bbox 1429 4217 1436 4250; x_wconf 73' lang='grc' dir='ltr'><strong>ι</strong></span> <span class='ocrx_word' id='word_1_575' title='bbox 1449 4218 1511 4250; x_wconf 81' lang='grc' dir='ltr'><strong>ιιιιιισ</strong></span> <span class='ocrx_word' id='word_1_576' title='bbox 1525 4219 1620 4266; x_wconf 82' lang='lat' dir='ltr'>quoque</span> <span class='ocrx_word' id='word_1_577' title='bbox 1633 4203 1698 4251; x_wconf 84' lang='lat' dir='ltr'>cordi</span> 
     </span>
     <span class='ocr_line' id='line_1_92' title="bbox 1058 4285 1649 4348; baseline 0.003 -16"><span class='ocrx_word' id='word_1_578' title='bbox 1058 4285 1098 4332; x_wconf 80' lang='lat' dir='ltr'>Est</span> <span class='ocrx_word' id='word_1_579' title='bbox 1112 4285 1162 4348; x_wconf 68' lang='lat' dir='ltr'>lyra</span> <span class='ocrx_word' id='word_1_580' title='bbox 1173 4322 1180 4346; x_wconf 83' lang='lat'><strong><em>,</em></strong></span> <span class='ocrx_word' id='word_1_581' title='bbox 1193 4285 1232 4332; x_wconf 87' lang='lat' dir='ltr'>sed</span> <span class='ocrx_word' id='word_1_582' title='bbox 1245 4286 1310 4346; x_wconf 81' lang='lat' dir='ltr'>digiti</span> <span class='ocrx_word' id='word_1_583' title='bbox 1325 4301 1410 4332; x_wconf 85' lang='lat' dir='ltr'>nervos</span> <span class='ocrx_word' id='word_1_584' title='bbox 1424 4285 1517 4348; x_wconf 81' lang='lat' dir='ltr'>pulsare.</span> <span class='ocrx_word' id='word_1_585' title='bbox 1528 4294 1649 4345; x_wconf 84' lang='lat' dir='ltr'>r·ecusaut;</span> 
     </span>
    </p>

    <p class='ocr_par' dir='ltr' id='par_1_33' title="bbox 1056 4371 1780 4599">
     <span class='ocr_line' id='line_1_93' title="bbox 1057 4371 1634 4436; baseline -0.002 -17"><span class='ocrx_word' id='word_1_586' title='bbox 1057 4375 1135 4434; x_wconf 77' lang='lat' dir='ltr'>Atque</span> <span class='ocrx_word' id='word_1_587' title='bbox 1147 4371 1236 4418; x_wconf 85' lang='lat' dir='ltr'>utinam</span> <span class='ocrx_word' id='word_1_588' title='bbox 1251 4373 1331 4420; x_wconf 82' lang='lat' dir='ltr'>dulces</span> <span class='ocrx_word' id='word_1_589' title='bbox 1344 4371 1413 4418; x_wconf 82' lang='lat' dir='ltr'>fictor</span> <span class='ocrx_word' id='word_1_590' title='bbox 1425 4373 1538 4436; x_wconf 81' lang='lat' dir='ltr'>potuisset</span> <span class='ocrx_word' id='word_1_591' title='bbox 1553 4371 1576 4418; x_wconf 87' lang='lat' dir='ltr'>iu</span> <span class='ocrx_word' id='word_1_592' title='bbox 1589 4387 1634 4418; x_wconf 76' lang='grc' dir='ltr'>ατε</span> 
     </span>
     <span class='ocr_line' id='line_1_94' title="bbox 1057 4451 1780 4516; baseline -0.003 -16"><span class='ocrx_word' id='word_1_593' title='bbox 1057 4453 1192 4500; x_wconf 68' lang='lat' dir='ltr'>admiscere</span> <span class='ocrx_word' id='word_1_594' title='bbox 1206 4453 1286 4501; x_wconf 88' lang='lat' dir='ltr'>modos</span> <span class='ocrx_word' id='word_1_595' title='bbox 1301 4469 1306 4502; x_wconf 92' lang='lat'>:</span> <span class='ocrx_word' id='word_1_596' title='bbox 1321 4463 1398 4500; x_wconf 88' lang='lat' dir='ltr'>tamen</span> <span class='ocrx_word' id='word_1_597' title='bbox 1414 4468 1443 4500; x_wconf 75' lang='grc' dir='ltr'>ωε</span> <span class='ocrx_word' id='word_1_598' title='bbox 1459 4453 1501 4500; x_wconf 87' lang='lat' dir='ltr'>tihi</span> <span class='ocrx_word' id='word_1_599' title='bbox 1517 4469 1541 4500; x_wconf 91' lang='lat' dir='ltr'>se</span> <span class='ocrx_word' id='word_1_600' title='bbox 1557 4451 1673 4516; x_wconf 82' lang='lat' dir='ltr'>approbat</span> <span class='ocrx_word' id='word_1_601' title='bbox 1688 4451 1780 4516; x_wconf 81' lang='lat' dir='ltr'>ipsum,</span> 
     </span>
     <span class='ocr_line' id='line_1_95' title="bbox 1056 4535 1607 4599; baseline -0.002 -16"><span class='ocrx_word' id='word_1_602' title='bbox 1056 4537 1085 4583; x_wconf 81' lang='lat' dir='ltr'>m</span> <span class='ocrx_word' id='word_1_603' title='bbox 1098 4535 1202 4584; x_wconf 83' lang='lat' dir='ltr'>sonitum</span> <span class='ocrx_word' id='word_1_604' title='bbox 1218 4545 1281 4584; x_wconf 86' lang='lat' dir='ltr'>mota</span> <span class='ocrx_word' id='word_1_605' title='bbox 1296 4535 1379 4599; x_wconf 89' lang='lat' dir='ltr'>quavis</span> <span class='ocrx_word' id='word_1_606' title='bbox 1392 4535 1509 4584; x_wconf 84' lang='lat' dir='ltr'>testudine</span> <span class='ocrx_word' id='word_1_607' title='bbox 1522 4535 1607 4582; x_wconf 91' lang='lat' dir='ltr'>reddit.</span> 
     </span>
    </p>
   </div>
   <div class='ocr_carea' id='block_1_17' title="bbox 1295 4693 1583 4742">
    <p class='ocr_par' dir='ltr' id='par_1_34' title="bbox 1295 4693 1583 4742">
     <span class='ocr_line' id='line_1_96' title="bbox 1295 4693 1583 4742; baseline 0.01 -5"><span class='ocrx_word' id='word_1_608' title='bbox 1295 4695 1349 4742; x_wconf 91' lang='lat' dir='ltr'>VII.</span> <span class='ocrx_word' id='word_1_609' title='bbox 1369 4697 1406 4740; x_wconf 80' lang='lat' dir='ltr'>De</span> <span class='ocrx_word' id='word_1_610' title='bbox 1424 4693 1583 4742; x_wconf 75' lang='lat' dir='ltr'>Ariorimeue.</span> 
     </span>
    </p>
   </div>
   <div class='ocr_carea' id='block_1_18' title="bbox 1026 4845 1665 4911">
    <p class='ocr_par' dir='ltr' id='par_1_35' title="bbox 1026 4845 1665 4911">
     <span class='ocr_line' id='line_1_97' title="bbox 1026 4845 1665 4911; baseline -0.009 -13"><span class='ocrx_word' id='word_1_611' title='bbox 1026 4895 1027 4898; x_wconf 75' lang='grc'><strong>,</strong></span> <span class='ocrx_word' id='word_1_612' title='bbox 1055 4847 1143 4896; x_wconf 88' lang='lat' dir='ltr'>Mentis</span> <span class='ocrx_word' id='word_1_613' title='bbox 1156 4847 1313 4896; x_wconf 79' lang='lat' dir='ltr'>Anaximenes</span> <span class='ocrx_word' id='word_1_614' title='bbox 1325 4847 1437 4911; x_wconf 84' lang='lat' dir='ltr'>sapientis</span> <span class='ocrx_word' id='word_1_615' title='bbox 1450 4847 1558 4895; x_wconf 88' lang='lat' dir='ltr'>acumine</span> <span class='ocrx_word' id='word_1_616' title='bbox 1575 4845 1665 4911; x_wconf 81' lang='lat' dir='ltr'>pollens</span> 
     </span>
    </p>
   </div>
   <div class='ocr_carea' id='block_1_19' title="bbox 1056 4927 1565 4993">
    <p class='ocr_par' dir='ltr' id='par_1_36' title="bbox 1056 4927 1565 4993">
     <span class='ocr_line' id='line_1_98' title="bbox 1056 4927 1565 4993; baseline 0.004 -19"><span class='ocrx_word' id='word_1_617' title='bbox 1056 4927 1172 4976; x_wconf 86' lang='lat' dir='ltr'>Versabat</span> <span class='ocrx_word' id='word_1_618' title='bbox 1182 4927 1259 4976; x_wconf 68' lang='lat' dir='ltr'>varios</span> <span class='ocrx_word' id='word_1_619' title='bbox 1273 4927 1353 4976; x_wconf 90' lang='lat' dir='ltr'>divino</span> <span class='ocrx_word' id='word_1_620' title='bbox 1370 4938 1466 4993; x_wconf 86' lang='lat' dir='ltr'>pectore</span> <span class='ocrx_word' id='word_1_621' title='bbox 1476 4943 1565 4976; x_wconf 72' lang='lat' dir='ltr'>sensus</span> 
     </span>
    </p>
   </div>
   <div class='ocr_carea' id='block_1_20' title="bbox 1299 5067 1579 5120">
    <p class='ocr_par' dir='ltr' id='par_1_37' title="bbox 1299 5067 1579 5120">
     <span class='ocr_line' id='line_1_99' title="bbox 1299 5067 1579 5120; baseline 0.011 -3"><span class='ocrx_word' id='word_1_622' title='bbox 1299 5073 1367 5120; x_wconf 83' lang='lat' dir='ltr'>VIII.</span> <span class='ocrx_word' id='word_1_623' title='bbox 1389 5075 1424 5118; x_wconf 86' lang='lat' dir='ltr'>De</span> <span class='ocrx_word' id='word_1_624' title='bbox 1442 5067 1579 5120; x_wconf 77' lang='lat' dir='ltr'>Calchante.</span> 
     </span>
    </p>
   </div>
   <div class='ocr_carea' id='block_1_21' title="bbox 1056 5215 1622 5280">
    <p class='ocr_par' dir='ltr' id='par_1_38' title="bbox 1056 5215 1622 5280">
     <span class='ocr_line' id='line_1_100' title="bbox 1056 5215 1622 5280; baseline -0.004 -16"><span class='ocrx_word' id='word_1_625' title='bbox 1056 5215 1166 5280; x_wconf 77' lang='lat' dir='ltr'>Egregius</span> <span class='ocrx_word' id='word_1_626' title='bbox 1179 5225 1260 5266; x_wconf 86' lang='lat' dir='ltr'>vatum</span> <span class='ocrx_word' id='word_1_627' title='bbox 1273 5225 1341 5266; x_wconf 85' lang='lat' dir='ltr'>natm</span> <span class='ocrx_word' id='word_1_628' title='bbox 1354 5216 1382 5264; x_wconf 85' lang='lat' dir='ltr'>de</span> <span class='ocrx_word' id='word_1_629' title='bbox 1394 5215 1510 5265; x_wconf 79' lang='lat' dir='ltr'>Thestor-e</span> <span class='ocrx_word' id='word_1_630' title='bbox 1523 5215 1622 5265; x_wconf 82' lang='lat' dir='ltr'>Calchas</span> 
     </span>
    </p>
   </div>
   <div class='ocr_carea' id='block_1_22' title="bbox 0 0 2014 5938">
    <p class='ocr_par' dir='ltr' id='par_1_39' title="bbox 0 0 2014 5938">
     <span class='ocr_line' id='line_1_101' title="bbox 0 0 2014 5938; baseline 0 1"><span class='ocrx_word' id='word_1_631' title='bbox 0 0 2014 5938; x_wconf 95' lang='lat' dir='ltr'> </span> 
     </span>
    </p>
   </div>
  </div>
 </body>
</html>
