3960 5936
219 442 276 500 918
770 435 1025 500 ANTHObOGIAE
1045 433 1248 494 Pinarium

257 569 387 648 ἀθρήσας,
402 568 473 646 δειλῇ
488 566 558 635 τάξον
570 565 672 646 ἔκαμψε
685 565 758 646 χερί·

218 657 293 734 θηρὸς
305 657 327 714 δ’
338 659 383 715 οὐκ
396 655 545 736 ἀφάμαρτε·
560 653 601 710 διὰ
617 651 743 728 στόματος
756 653 806 734 γάρ
820 651 902 719 iteri<

257 743 337 814 ἤϊξεν,
348 748 439 800 τυτθοῦ
452 741 525 820 βαιὸν
540 740 631 818 ὕπερθε
644 741 759 821 βρέφους.

184 851 196 888 ο
219 830 388 905 [λουσάμενος
401 831 426 886 δὲ
442 829 541 907 φόνοιο,
555 829 625 906 παρὰ
638 825 695 906 δρυῒ
706 829 767 906 τῇδε
782 827 908 908 φαρέτρην

258 923 329 992 σῆμα
340 917 511 995 καὶεῦτυχίης
521 923 581 988 θῆκε
592 917 636 974 καί
645 915 790 993 εὐστοχίης,

456 1059 523 1108 εον.
547 1021 774 1108 lentamur.-

218 1171 281 1242 Ζηνί
294 1171 345 1230 τόδ’
356 1171 481 1240 Αἷνεάδης
496 1170 586 1248 Κατίῳ
598 1174 622 1229 Τ
626 1170 728 1248 ραῖαυὸς
740 1171 860 1246 άγαλμα,

256 1260 371 1338 κοίρανος
389 1260 530 1338 ἀνθρώπων
545 1260 655 1338 κοιράνῳ
668 1259 810 1331 ἀθανάτων,

218 1345 320 1415 ἄνθετο,
332 1344 389 1402 tori
403 1345 468 1402 δέπα
479 1345 671 1420 πολυδαίδαλα,
685 1344 728 1401 καί
742 1344 798 1420 βοὸς
811 1343 884 1422 οὔρου

257 1431 369 1501 άσκητὸν
384 1435 473 1510 χρυσῷ
485 1433 671 1508 παμφανόωντι
685 1433 775 1508 κέρας,

179 1544 192 1581 ς
219 1517 305 1584 ἔξαιτα
320 1520 444 1597 προτέρης
461 1517 512 1574 άπὸ
528 1517 630 1589 ληίδος,
642 1509 707 1594 ἦμος
720 1517 821 1594 ἀτειρὴς

257 1605 351 1686 πέρσεν
364 1605 524 1682 ὑπερθύμους
539 1596 559 1683 ᾧ
575 1606 624 1662 ὑπὸ
642 1606 711 1682 δουρί
729 1607 819 1668 Γέτας.

217 1691 296 1752 Ἀλλίι
308 1689 339 1748 σθ
349 1694 373 1749 οἱ
384 1692 429 1748 καί
444 1692 534 1762 τήνδε,
551 1694 719 1770 Κελαινεφές,
733 1691 880 1769 έγγυοίλιξον

257 1782 349 1854 κρῆναι
363 1779 483 1844 ἐϋκλειῶς
496 1780 567 1855 δῆριν
579 1778 758 1855 ’λχαιμενίην,

217 1862 285 1943 ὄφρα
300 1887 339 1922 τοι
354 1863 500 1942 εἰσορόωντι
513 1865 631 1941 διάνδιχα
646 1864 725 1940 θυμὸν
740 1863 808 1943 ίαίνῃ

166 1982 191 2021 10
257 1950 328 2024 δοιὰ,
338 1949 371 2008 τδι
383 1951 429 2026 μὲν
442 1951 541 2012 Γετέων
553 1954 651 2021 σκῦλα,
663 1951 695 2008 τδι
706 1953 727 2008 δ’
739 1951 920 2028 Ἀρσακιδέων,

338 2088 405 2138 333.
423 2078 579 2138 ΜΑΡΚΟΥ
600 2079 869 2138 uersarentur.

216 2195 302 2272 Ἤδη,
314 2198 421 2278 φίλτατε
432 2197 509 2276 λύχνε
519 2241 527 2270 ,
539 2198 592 2276 τρίς
608 2197 731 2277 έπταρες·
742 2189 839 2278 ἧτάχα
849 2196 959 2276 τερπνὴν

182 2329 187 2346 τ
257 2287 292 2352 τίς
303 2286 435 2358 θαλάμους
444 2285 512 2356 ἥξειν
524 2285 669 2361 Ἀντιγόνην
679 2285 824 2361 προλέγειςς

218 2376 240 2432 εί
252 2372 318 2452 γάρ,
328 2374 405 2448 άναξ,
417 2371 456 2443 τίη
467 2373 522 2432 τόδ’
536 2374 672 2448 ἐτήτυμον,
684 2365 734 2438 οἶος
745 2373 876 2432 Ἀπόλλων

241 2519 244 2526 ,
259 2467 359 2534 θνητοῖς
370 2462 461 2539 μάντις
472 2459 520 2540 ἔσῃ
530 2463 575 2519 καὶ
590 2461 620 2518 σθ
631 2462 703 2540 παρὰ
714 2461 825 2538 τρίποδι.

460 2598 525 2648 334.
547 2590 747 2648 nhtlnltOl'.

218 2708 304 2770 hilm
314 2707 358 2766 καί
370 2710 500 2787 Νυμφέων
511 2708 577 2786 ἱερὸς
587 2710 683 2786 πάγος,
696 2709 725 2766 ei
738 2709 759 2767 θ’
769 2710 819 2769 ὑπὸ
832 2711 913 2790 πέτρῃ

257 2794 365 2862 πίδακος
372 2839 380 2866 ,
395 2795 413 2866 ἥ
424 2795 446 2852 θ’
457 2795 544 2853 ίίδασιν
554 2798 716 2871 γειτονέουσα
727 2799 815 2868 πίτυς,

218 2881 263 2940 καί
274 2881 305 2940 σθ
314 2881 505 2962 τετράγλωχιν,
519 2883 663 2957 μηλοσσάε,
678 2886 795 2948 Μαιάδος
807 2883 914 2962 Ἑρμᾶ,

257 2969 284 3036 ὅς
297 2993 326 3030 τε
336 2970 378 3028 τδν
391 2969 540 3048 αἶγιθάτην,
554 2971 623 3046 Πὰν,
636 2969 754 3048 κατέχεις
764 2971 901 3047 σκόπελον,

217 3054 286 3114 ἵλαοι
300 3057 332 3114 τδι
345 3057 442 3130 ψαιστὰ
456 3054 486 3114 τά
499 3079 526 3114 τε
542 3057 636 3132 σκάρος
651 3059 762 3132 ἔμπλεον
781 3057 849 3130 οἴνης

259 3143 367 3217 δέξασθ’,
377 3144 510 3204 Αἰακίδεω
522 3145 591 3223 δῶρα
606 3146 801 3220 Νεοπτολέμου.

438 3285 507 3334 335.
531 3276 786 3335 ΑΝΤΙΠΑΤΡΟΥ.

221 3403 338 3476 Καυσίη,
352 3407 368 3475 ἡ
384 3403 414 3462 τδ
429 3405 536 3478 πάροιθε
551 3405 705 3478 Μακηδάσιν
725 3404 829 3465 εὔκολον
847 3404 940 3484 δπλον,

258 3489 302 3548 καί
314 3491 412 3556 σκέπας
428 3495 453 3548 ἔν
468 3497 578 3570 νιφετῷ,
591 3493 636 3550 καὶ
651 3495 726 3572 κόρυς
745 3495 772 3550 ἓν
791 3495 911 3574 πολέμῳ,

219 3577 282 3656 ἱδρῶ
295 3577 428 3658 διψήσασα
444 3587 513 3642 πιεῖν
529 3580 596 3650 τεὸν,
608 3581 703 3654 άλκιμε
720 3581 831 3652 Πείσων,

259 3661 374 3739 Ἥμαθὶς
388 3664 528 3730 Αὐσονίους
542 3657 618 3736 Ιἦλθον
636 3669 678 3725 ἐπὶ
691 3667 843 3748 κροτάφους.

1061 574 1175 634 vidisset,
1187 572 1273 624 timida
1284 584 1371 621 arcum
1384 569 1495 620 cumerit
1507 582 1597 628 manu;

1032 663 1113 712 a-fera
1128 665 1209 711 autem
1222 674 1270 710 non
1283 658 1403 708 aberrarit
1414 678 1420 708 ι
1430 670 1487 706 nam
1496 669 1539 720 per
1548 669 1577 705 os
1586 655 1673 718 sagitta

1062 747 1198 811 penetrarit
1209 747 1308 810 paulum
1318 758 1391 808 supra
1398 744 1535 808 puerulum.

1032 839 1111 898 atque
1123 839 1220 898 peracta
1232 834 1299 883 oaede
1312 833 1344 882 ad
1357 833 1419 882 harro
1432 845 1550 892 quereum
1560 829 1698 894 pharetram

1062 921 1187 986 apposuit,
1203 923 1298 985 signum
1310 923 1335 970 et
1349 919 1551 969 faustmfortunae
1563 920 1588 967 et
1601 901 1721 967 sollertiae.

1316 1055 1371 1100 332.
1386 1051 1523 1098 anniani.

991 1160 998 1176 '
1032 1162 1087 1211 lori
1098 1161 1216 1212 AEneades
1230 1161 1301 1211 Casio
1314 1159 1362 1209 hoo
1376 1161 1494 1224 Traianus
1507 1159 1691 1216 ornamentum,

1063 1249 1198 1298 dominator
1212 1247 1338 1297 hominurn
1350 1245 1497 1296 dominatori
1506 1244 1695 1304 immortalium,

1032 1335 1168 1398 dedicarit,
1183 1335 1239 1385 bina
1251 1335 1339 1398 pocula
1353 1333 1496 1394 artificiosa,
1508 1335 1532 1382 et
1540 1331 1610 1380 boris
1620 1331 1656 1379 uri

1043 1422 1053 1446 ⁸
1063 1423 1202 1474 decoratum
1213 1437 1274 1472 auro
1288 1422 1395 1484 fulgente
1406 1433 1498 1480 cornu,

1033 1513 1109 1564 electa
1121 1513 1201 1576 priore
1213 1526 1243 1561 ex
1252 1511 1348 1575 praeda,
1358 1523 1434 1572 quum
1443 1505 1626 1570 indefatigabilis

1063 1600 1167 1664 perdidit
1179 1599 1296 1662 superbos
1306 1611 1352 1647 sua
1363 1597 1410 1646 sub
1423 1597 1494 1645 hasta
1510 1598 1592 1644 Getas.

1033 1691 1064 1737 At
1076 1691 1103 1736 tu
1115 1687 1137 1736 ei
1148 1687 1222 1736 etiam
1232 1686 1307 1744 bano,
1322 1683 1571 1742 obscurenubilans,
1587 1682 1666 1732 tribue

1065 1779 1093 1824 ut
1104 1775 1214 1823 absolvat
1225 1772 1326 1836 gloriose
1341 1785 1446 1836 pugnarn
1460 1769 1653 1828 achemeniam,

1033 1878 1082 1926 quo
1096 1863 1139 1912 tihi
1147 1861 1288 1924 adspicienti
1301 1860 1410 1908 bifariam
1420 1857 1525 1921 gaudeat
1538 1857 1634 1907 animus

1065 1949 1213 2008 dadoenus,
1227 1951 1251 1998 et
1266 1951 1382 1997 Getarum
1394 1946 1476 2010 spoliis
1490 1949 1515 1994 et
1528 1944 1704 1994 arsacidarum.

1231 2085 1286 2132 333.
1296 2081 1394 2130 ltascl
1410 2080 1608 2129 nnGsN‘ranll.

1034 2207 1809 2272 farn,amicissimalucema,terstemntasti:anfortcjucuudam

1064 2299 1088 2346 in
1100 2297 1219 2346 thalamos
1230 2299 1426 2346 venturam-esse
1438 2296 1571 2358 'Antigonen
1579 2293 1708 2357 predicis?

1033 2383 1129 2433 sienim
1144 2384 1191 2432 hoc
1203 2383 1236 2432 ita
1246 2386 1296 2442 est,
1309 2383 1407 2432 domina
1415 2411 1425 2444 ‚·
1433 2381 1512 2445 qualis
1525 2381 1624 2444 apollo,

1066 2470 1207 2520 mortalibus
1215 2473 1243 2520 tu
1255 2483 1354 2533 quoque
1367 2473 1436 2520 rates
1447 2470 1495 2520 eris
1505 2468 1571 2532 apud
1580 2467 1707 2531 tripodem.

1305 2603 1359 2648 334.
1376 2599 1531 2648 LEONIDAE.

1035 2731 1109 2777 Antra
1119 2731 1144 2776 et
1156 2727 1320 2791 Nympharum
1332 2741 1403 2776 mons
1414 2740 1490 2788 sacer,
1501 2729 1526 2776 ot
1536 2725 1583 2774 sub
1594 2739 1654 2788 rupo

1067 2815 1157 2874 fontes,
1172 2819 1196 2864 et
1207 2815 1278 2878 aquis
1289 2815 1367 2864 ricina
1379 2815 1464 2880 pinus,

1036 2905 1060 2951 ot
1066 2905 1095 2951 tu
1103 2902 1391 2965 quadrangulari-forma,
1400 2901 1566 2959 ovium-tutor,
1575 2899 1644 2960 orajae
1653 2901 1686 2948 frli
1695 2900 1809 2959 llcrcurl,

1066 2992 1090 3038 et
1104 2991 1147 3051 qui
1161 2993 1396 3053 capras-pascentem
1409 2994 1478 3039 tenes
1492 2989 1632 3052 scopulum,
1646 2991 1711 3048 Pan,

1038 3075 1129 3138 benigni
1144 3075 1198 3124 hacc
1207 3076 1254 3125 liba
1264 3079 1288 3126 et
1298 3077 1413 3138 poculum
1426 3076 1525 3139 plenum
1537 3075 1586 3124 vini
1609 3067 1616 3076 '

1067 3163 1180 3226 aecipite,
1193 3164 1298 3213 AEacidae
1312 3163 1375 3214 dona
1390 3163 1545 3226 Neoptolemi.

1301 3295 1356 3340 335.
1372 3291 1546 3340 ANTIPATRI.

1038 3418 1138 3480 Caesia,
1152 3419 1192 3468 illa
1205 3419 1328 3482 quondam
1342 3417 1515 3469 Macedonibus
1528 3418 1653 3468 commoda
1668 3431 1750 3480 arma,
1789 3431 1795 3446 ¹

1069 3509 1093 3554 et
1107 3508 1202 3568 tegmen
1216 3507 1239 3554 in
1249 3506 1321 3568 αἰνυ,
1334 3509 1358 3556 et
1372 3507 1438 3568 galea
1452 3506 1476 3554 in
1488 3506 1564 3566 bello,

1039 3591 1151 3642 sudorem
1167 3583 1250 3642 sitiens
1263 3594 1344 3643 hibere
1357 3597 1442 3654 tuurn,
1457 3594 1526 3642 fortis
1538 3594 1606 3654 riso,

1069 3681 1179 3729 Emathia
1190 3682 1245 3730 reni
1261 3681 1284 3730 iu
1299 3681 1403 3730 Ausonia
1417 3684 1534 3744 tompore.

220 3747 297 3808 Ἀλλδι
310 3751 381 3831 φιλος
396 3751 465 3818 δέξαι
481 3775 528 3826 με·
547 3753 616 3831 τάχα
635 3753 736 3833 κρόκες,
755 3754 783 3811 ui
798 3779 860 3814 ποτε
877 3757 980 3836 Πέρσας
1039 3771 1070 3816 nt
1082 3767 1200 3830 benignus
1212 3781 1270 3830 cape
1284 3782 1330 3817 ue.
1340 3771 1451 3818 Fortasse
1462 3767 1579 3828 stamina,
1590 3779 1645 3829 qum
1658 3767 1717 3815 olim
1730 3769 1812 3815 Persas

258 3838 433 3916 τρεψάμεναι,
446 3839 491 3896 καί
505 3840 545 3897 σοί
557 3839 837 3920 Θρῇκαςὺπαξάμεθα.

224 3952 566 3971 ...-...—.

253 4005 360 4054 Lentnrit
371 4006 463 4072 trepide
474 4023 564 4056 cornua
579 4017 643 4057 tensa
659 4025 739 4059 manu.

221 4091 271 4139 Neo
282 4091 473 4150 manuserrarit,
485 4091 601 4156 serpentis
610 4092 634 4139 in
646 4109 688 4140 ore
700 4094 781 4156 sagitta

223 4175 227 4184 '
254 4170 364 4218 Constitit
376 4205 383 4230 ‚
393 4170 423 4218 ab
435 4171 502 4236 pueri
515 4188 587 4236 quam
600 4189 674 4238 prope
684 4175 752 4222 missa
767 4185 846 4240 caput.

221 4253 306 4301 Victor
314 4269 481 4318 oransquercu
497 4255 633 4320 pharetram
645 4257 766 4322 suspendit
778 4259 807 4306 ab
818 4259 875 4320 ista,

255 4338 359 4384 Fortuna
370 4335 468 4384 dubium
480 4339 557 4387 clarus
566 4355 596 4387 an
609 4349 660 4388 arte
672 4340 752 4404 magis.

420 4447 475 4493 332.
497 4463 599 4496 ιυιιικιιι
614 4464 787 4498 rursus-roure.

224 4553 337 4602 AEneades
350 4553 418 4603 Casio
427 4555 541 4619 Trajnnus
551 4556 612 4605 dona
626 4559 727 4606 Tonanti
738 4593 745 4618 ,

257 4641 309 4685 liert
322 4635 445 4685 hominum
456 4639 504 4702 regi
516 4639 609 4688 dedicat
626 4639 670 4688 ista
682 4642 761 4702 defun,

223 4719 267 4767 Uri
276 4720 363 4783 grande
382 4719 448 4768 boris
462 4737 544 4777 cornu,
560 4723 621 4786 quod
635 4722 730 4771 bractea
743 4724 799 4772 lerit

256 4805 343 4860 Aures,
352 4811 465 4866 preterea
477 4805 580 4866 stragula
596 4803 658 4868 picta
677 4805 738 4862 duo,

223 4885 259 4931 De
276 4883 354 4947 praeda
363 4883 450 4931 donata
461 4883 522 4944 sibi,
535 4901 583 4948 quo
595 4895 701 4949 tempore
714 4887 800 4934 uictrix

186 4955 192 4964 ⁸
256 4967 331 5030 Ipsius
342 4965 469 5016 indomitos
482 4969 584 5032 perculit
597 4967 663 5017 hasta
676 4973 757 5018 Getas.

224 5050 257 5096 At
266 5057 299 5102 tu,
313 5063 402 5096 summe
414 5059 492 5114 poter,
503 5049 532 5098 dn
542 5066 604 5099 nuno
614 5067 675 5099 nora
685 5067 772 5108 rursus,
792 5061 817 5100 ut
832 5051 865 5100 itti

257 5128 339 5176 Gloria
353 5130 469 5178 Mavortis
482 5140 561 5194 surgat
572 5130 734 5180 Achaemcnii:

226 5213 258 5259 tlt
267 5227 345 5260 corum
359 5212 438 5276 positis
448 5213 528 5278 spoliis
539 5215 617 5264 laetere
629 5215 735 5272 duobus,

1069 3855 1218 3918 fugavimus,
1228 3857 1301 3906 otiam
1309 3855 1353 3905 tihi
1363 3855 1469 3904 Thracas
1480 3853 1643 3915 subjiciemus.

1073 4018 1102 4063 Et
1115 4016 1203 4064 Geticae
1215 4016 1298 4079 gentis,
1313 4019 1388 4079 gentis
1399 4025 1423 4064 ct
1437 4013 1548 4065 Arsacias.

1259 4125 1315 4172 333.
1329 4141 1406 4171 aanor
1426 4139 1584 4170 ιιιιιικτκιιιι.

1039 4233 1093 4276 Jam
1104 4229 1238 4278 sternutasti
1254 4239 1300 4290 ter,
1316 4231 1362 4278 fula
1378 4230 1474 4278 lucerna
1489 4227 1602 4276 τιέιιίιιιιι

1073 4310 1191 4374 Antigono
1202 4313 1232 4359 ad
1241 4321 1349 4360 nostrum
1360 4321 1382 4360 te
1395 4311 1454 4359 rnihi
1468 4321 1519 4358 νιιια
1534 4315 1632 4358 torum?

1040 4394 1063 4442 Si
1075 4393 1165 4458 signum
1178 4395 1270 4458 resipsa
1283 4395 1377 4458 probat,
1393 4411 1436 4442 ceu
1447 4409 1540 4456 magnus
1554 4394 1639 4456 Apollc

979 4487 982 4494 “
1073 4481 1109 4526 Tu
1121 4493 1215 4544 quoque
1227 4478 1332 4526 fatidicos
1344 4478 1415 4526 stabis
1428 4479 1490 4542 apud
1503 4476 1616 4541 tripodas.

1255 4589 1312 4642 334.
1331 4603 1441 4634 nnorrntn
1453 4601 1595 4631 ιἰιιεκτιπι.

1326 4694 1377 4740 Diis
1395 4691 1534 4759 agrestibus.

1042 4807 1063 4850 Ο
1076 4801 1183 4858 stabula,
1195 4819 1210 4850 o
1222 4819 1292 4867 rupes
1303 4802 1420 4867 Nymphis
1431 4818 1505 4856 sacra,
1518 4811 1591 4866 tuque
1604 4800 1647 4848 ειιίι
1661 4801 1701 4848 illa

1075 4887 1134 4932 Fons
1142 4893 1164 4932 et
1180 4884 1281 4933 fontanae
1293 4885 1399 4948 proxima
1412 4885 1480 4950 pinus
1492 4899 1566 4948 aquae,

1042 4970 1124 5032 Tuque
1137 4966 1214 5013 ouium
1227 4975 1312 5024 custos,
1326 4967 1389 5030 blaja
1398 4975 1456 5027 sate,
1473 4966 1574 5028 imagine
1587 4964 1675 5028 quadra

1075 5053 1104 5098 h't
1117 5049 1157 5112 qui
1170 5065 1221 5097 cnm
1234 5049 1324 5114 capreis
1334 5049 1383 5098 haee
1394 5050 1457 5114 juga,
1474 5053 1564 5109 Fmrne,
1579 5058 1652 5109 tcucs,

1043 5136 1091 5180 llos
1103 5131 1149 5178 sini
1161 5132 1249 5189 latices,
1268 5132 1316 5180 iuer
1327 5133 1410 5181 mellea
1421 5132 1469 5180 liba
1483 5133 1589 5180 uolentes

1076 5213 1164 5262 Sumite
1178 5213 1208 5261 ab
1221 5214 1313 5262 lh'ncida
1326 5215 1385 5262 dona
1395 5215 1561 5278 Neoptolcrrm.
