4018 5938
274 483 342 546 xxiv
614 529 619 536 ,
947 475 1198 537 CORRIGENDA.

279 621 388 711 βακχῳ
405 631 440 686 et
456 615 584 710 ἄκρητον
598 619 704 706 νέκταρ
716 609 854 680 letior
885 613 944 678 ἀπὸ
970 604 1132 679 στολίθων.
1150 611 1226 676 lmo
1245 621 1351 702 poeta
1378 620 1490 675 vestes
1506 605 1596 676 adeo
1611 605 1771 676 madidas
1785 607 1870 676 vino

276 741 393 835 lingit,
427 755 467 808 ut
492 763 598 807 manu
621 733 734 804 sicubi
757 757 815 804 eas
834 734 988 828 tetigerit
1013 737 1197 802 Anacreon
1220 730 1404 826 imposita,
1430 730 1644 826 exprimeret
1670 744 1793 800 nectar
1813 730 1871 800 vel

277 862 408 931 laceret
426 874 464 928 ut
484 873 604 927 nectar
618 856 832 946 destillaret,
849 856 951 926 sicuti
968 855 1038 925 mel
1058 852 1210 924 destillat
1228 876 1271 922 ex
1294 852 1405 947 κηρίοις
1424 848 1618 947 θλιθομένοις.
1642 853 1729 919 Nam
1750 865 1871 946 aperte

276 983 462 1080 respicitur
479 978 540 1075 (de
561 1005 633 1074 quo
656 977 924 1050 admonendum
946 977 1034 1072 erat)
1048 977 1223 1046 Thracum
1245 974 1542 1067 mossingulariS,
1563 997 1669 1068 quem
1684 973 1738 1043 his
1752 972 1871 1043 verbis

239 1107 241 1115 ’
278 1105 391 1198 tetigit
411 1102 510 1172 Plato
534 1129 542 1169 :
564 1105 742 1172 >latiburum
764 1109 875 1197 Θρᾷκες
892 1101 1048 1194 ἀκράτῳ
1073 1101 1251 1168 παντάπασι
1274 1103 1440 1192 χρώμενοι,
1465 1102 1604 1193 γυναῖκές
1632 1098 1739 1165 τεκαὶ
1763 1100 1868 1183 αὐτοὶ,

279 1229 331 1296 καὶ
362 1227 464 1296 κατὰ
493 1237 566 1293 τῶν
601 1227 766 1319 ἱματίων
792 1227 1081 1317 καταχεόμενοι
1113 1225 1206 1290 καλὸν
1228 1223 1281 1289 καὶ
1311 1217 1451 1314 εὔδαιμον
1473 1217 1664 1313 ἐπιτήδευμα
1687 1215 1871 1296 ἐπιτηδεύειν

278 1314 474 1465 νενορίιθασιν.
502 1353 542 1416 ln
561 1371 599 1416 re
617 1347 746 1418 Graecis
770 1345 937 1416 omnibus
958 1361 1041 1416 nota
1066 1343 1269 1442 Xenophon
1291 1341 1427 1438 (Anah.
1456 1347 1529 1432 Vll,
1551 1341 1586 1432 3,
1608 1346 1626 1434 §
1649 1341 1741 1438 32):
1764 1347 1873 1412 ὀΣεύ-

279 1477 329 1552 θης
349 1473 500 1556 συνεξέπιε
523 1472 575 1539 καὶ
601 1463 794 1538 κατεσκεθ
803 1471 922 1537 άσατο
957 1467 1035 1562 μετὰ
1055 1481 1146 1536 τοῦτο
1165 1471 1201 1536 τὸ
1218 1472 1315 1561 κέρας.
1330 1465 1436 1552 Quod
1453 1467 1503 1535 sic
1526 1464 1679 1562 explicat
1697 1465 1868 1536 Photius:

279 1601 344 1675 ἔθος
362 1597 397 1670 ἦν
421 1597 548 1690 Θρᾴκιον
563 1599 592 1663 ἐν
611 1603 674 1672 τοῖς
693 1593 868 1686 συμποσίοις
887 1595 955 1679 ἵνα,
981 1597 1056 1659 ὅταν
1071 1595 1164 1660 πίωσι
1178 1605 1233 1659 τοῦ
1244 1592 1322 1658 οἴνου
1338 1594 1367 1658 οἱ
1384 1591 1536 1683 συμπόται
1560 1595 1627 1657 ὅσον
1649 1583 1814 1676 δύνανται,
1835 1592 1872 1656 τὸ

279 1723 388 1788 λοιπὸν
406 1732 460 1788 τοῦ
482 1721 563 1786 οἴνου
587 1722 761 1810 καταχέωσι
787 1715 867 1786 κατὰ
889 1728 950 1784 τῶν
985 1716 1114 1809 ἱματίων
1129 1728 1189 1786 τῶν
1210 1725 1386 1809 συμποτῶν·
1410 1719 1481 1808 ὅπερ
1505 1717 1607 1810 ἔλεγον
1624 1710 1829 1782 κατασκεδ
1840 1715 1874 1780 σί-

280 1839 365 1922 ζειν.
380 1840 517 1910 Deinde
534 1854 793 1910 commemorat
808 1839 907 1908 locos
926 1837 1174 1933 Xenophontis
1188 1853 1223 1908 et
1239 1837 1411 1926 Platonis,
1428 1839 1509 1930 Leg.
1528 1839 1560 1922 Ι,
1580 1860 1617 1932 p.
1637 1834 1722 1930 637,
1743 1840 1783 1904 E.

328 1960 494 2056 Ejusdem
517 1961 643 2056 capitis
661 1961 772 2056 epigr.
796 1963 840 2045 dn
859 1959 903 2029 de
918 1983 1019 2028 versu
1036 1975 1165 2055 quarto
1182 1959 1330 2030 Meinek.
1350 1961 1386 2028 in
1405 1957 1540 2029 Callim.
1560 1983 1597 2054 p.
1618 1961 1711 2026 XXII
1730 1985 1737 2026 :
1759 1987 1775 2021 α
1793 1963 1874 2027 Non

281 2083 389 2154 credo
408 2084 651 2179 turpissimum
676 2081 815 2152 hiatum
833 2082 1015 2153 admisisse
1034 2083 1265 2180 perelegantis
1289 2083 1456 2154 carminis
1478 2095 1679 2170 auctorem,
1704 2083 1768 2178 qui
1791 2085 1877 2152 scri-

281 2208 372 2304 psit,
389 2207 530 2302 opinor,
549 2207 627 2300 ἀμρὶ
646 2207 710 2274 καὶ
728 2207 912 2294 ἀθανάτους,
929 2210 1008 2301 ἀμφὶ
1027 2209 1090 2275 καὶ
1102 2211 1250 2300 Ιἡμιθέους.
1267 2241 1280 2266 ι»

329 2335 370 2400 ln
395 2328 585 2397 Pizilorlerni
611 2328 667 2397 vel
687 2333 888 2422 Argentarii
910 2331 1179 2426 epigrammate,
1201 2333 1259 2416 VI,
1280 2352 1337 2425 ep.
1361 2327 1448 2418 246,
1472 2353 1506 2398 v.
1533 2355 1571 2418 2,
1591 2328 1665 2422 jam
1684 2327 1759 2398 haec
1783 2328 1876 2398 habe

282 2452 515 2524 Lobeekianis
533 2453 696 2522 certiora.
727 2457 853 2522 Narrat
874 2455 1042 2541 Conzius,
1067 2457 1164 2521 b‘eire
1179 2452 1320 2548 ausden
1334 2455 1447 2526 lasela
1469 2453 1528 2521 des
1551 2453 1763 2522 tieroltiseiren
1781 2458 1875 2522 Mee-

285 2603 340 2648 res
356 2576 561 2673 (Hannon,
587 2575 721 2672 1860),
740 2602 776 2673 p.
798 2577 842 2647 28
862 2605 869 2647 :
893 2609 909 2642 tt
931 2583 1010 2663 Quo
1034 2575 1188 2647 rehebar
1209 2576 1325 2648 mulus
1349 2577 1490 2647 sacculo
1514 2579 1676 2648 coriaceo
1699 2575 1876 2648 inclusum

284 2701 428 2771 dentem
444 2700 515 2769 suis
533 2698 584 2768 vel
604 2701 681 2795 apri
705 2700 742 2768 in
761 2700 877 2772 fronte
897 2701 1072 2796 gestabat3
1098 2702 1257 2794 agagiota
1273 2715 1391 2770 autem
1408 2726 1507 2770 meus
1528 2701 1602 2770 sine
1626 2701 1695 2770 hoc
1721 2700 1877 2772 amuleto

285 2824 500 2893 moriturum
523 2845 597 2891 esse
610 2822 813 2916 jumentum
829 2825 922 2894 serio
944 2824 1143 2894 affirmabat
1158 2821 1271 2920 (χῶρις
1284 2829 1357 2894 αὐτὸ
1381 2827 1532 2893 ἀπεθαίνει
1555 2827 1589 2893 τὸ
1602 2823 1765 2918 χαϊθσίνι),
1791 2824 1878 2894 tales

285 2945 447 3016 sacculos
469 2943 558 3014 mala
577 2962 852 3016 averruncantes
875 2947 952 3018 fieri
978 2947 1285 3045 Constantinopoli
1304 2963 1338 3018 et
1361 2950 1397 3018 in
1416 2947 1502 3018 alias
1524 2953 1685 3043 regiones
1708 2949 1791 3019 inde
1815 2972 1876 3018 ex-

285 3069 434 3165 portari.
463 3072 547 3154 Quae
566 3066 777 3165 {superstitio
797 3069 895 3140 haud
914 3069 1024 3140 dubie
1041 3073 1186 3167 antiqua
1214 3097 1359 3168 prorsus
1377 3071 1486 3142 reiert
1508 3070 1608 3142 illurn
1624 3079 1654 3140 ἐν
1671 3078 1802 3168 στέρνοις
1821 3077 1876 3142 κό-

286 3219 361 3285 σμον
384 3185 655 3288 ὀθοντορόρον,
677 3191 723 3262 de
747 3217 820 3288 quo
848 3193 1024 3262 videndus
1039 3199 1125 3264 Otto
1148 3195 1239 3264 Jahn
1265 3197 1301 3264 in
1330 3195 1508 3264 Bericlrten
1526 3195 1588 3265 cler
1602 3197 1722 3265 soeclts.
1746 3197 1877 3264 Gerell-

284 3313 408 3404 sehaft.
428 3313 490 3383 der
507 3318 559 3381 W
558 3321 614 3385 iss.
633 3339 679 3384 zu
694 3319 848 3410 Leipzig,
874 3313 977 3406 1855,
996 3341 1032 3412 p.
1053 3321 1111 3408 dn,
1132 3334 1207 3388 not.
1231 3318 1290 3402 48.
1310 3347 1326 3381 ιι

334 3436 500 3531 Ejusdem
524 3461 603 3533 cap.
622 3441 668 3506 VI
683 3439 936 3533 epigrammate
961 3465 1039 3528 120,
1054 3466 1089 3512 v.
1118 3441 1153 3531 8,
1173 3441 1272 3537 quod
1294 3439 1413 3511 Codex
1431 3440 1565 3536 praebet
1584 3447 1740 3512 attolere?
1757 3457 1879 3514 tuetur

286 3565 522 3644 HermannuS,
540 3557 678 3628 collatis
694 3553 867 3640 ἀοιθοθέτης
885 3576 920 3630 et
935 3566 1109 3656 ὑμνοθέτης,
1130 3589 1245 3660 neque
1260 3563 1456 3634 Minervam
1470 3565 1611 3634 musicis
1625 3564 1880 3636 certaminibus

287 3681 473 3777 praesidere
490 3695 526 3752 et
539 3684 732 3772 ἀθλοθετεῒν,
749 3681 811 3752 sed
829 3683 1042 3778 Apollinem.
1060 3687 1159 3757 Idem
1178 3691 1401 3756 Hermanuus
1419 3686 1457 3755 in
1476 3687 1600 3782 capitis
1620 3690 1648 3754 V
1668 3687 1776 3783 epigr.
1795 3688 1879 3777 206,

287 3832 322 3877 ν.
346 3832 377 3896 1,
399 3821 494 3876 recte
511 3806 713 3877 observavit
726 3813 893 3889 ruraliter
909 3833 981 3880 esse
989 3805 1289 3905 provectaseeiata
1303 3835 1378 3881 nou
1396 3835 1591 3908 «proceras
1604 3837 1756 3909 corpore
1774 3841 1790 3876 υ
1804 3866 1813 3902 ,
1828 3814 1881 3882 uti

288 3925 475 3998 vertebant
490 3927 629 3998 Jacobs.
650 3944 685 3998 et
702 3931 961 4001 Boissonadius

337 4051 465 4146 Capitis
478 4056 583 4144 primi
601 4051 638 4120 in
658 4053 768 4148 epigr.
792 4079 832 4147 71
856 4053 1084 4125 scribendum
1097 4071 1149 4126 est
1172 4081 1255 4126 cum
1270 4055 1430 4126 Heckero
1447 4081 1484 4152 p.
1507 4055 1571 4126 116
1590 4085 1597 4126 ι
1615 4063 1697 4148 Εὐχή
1719 4054 1881 4126 Ἐλισσαίου

289 4173 445 4266 Σωμανί
452 4169 471 4240 θ
478 4203 487 4240 ι
507 4169 554 4252 δὶς
568 4203 655 4270 πορεν
673 4177 749 4264 υἱόν,
766 4200 834 4271 pro
856 4179 1018 4248 vocativo
1032 4178 1123 4248 male
1143 4193 1309 4275 correpto
1330 4180 1493 4272 Σωμανίτι.

338 4297 424 4364 Sero
448 4294 603 4364 vidimus
621 4320 699 4391 quae
717 4321 822 4393 supra
842 4323 878 4394 p.
901 4303 1021 4388 XVlll,
1045 4299 1081 4389 b,
1103 4299 1148 4370 de
1169 4306 1329 4394 Diogenis
1351 4305 1477 4370 Laertii
1496 4303 1789 4398 epigrammatum
1808 4301 1880 4397 syl-

289 4415 369 4511 loge
384 4417 477 4487 dicta
497 4433 580 4487 sunt
591 4419 664 4514 jam
677 4435 835 4489 correcta
850 4420 954 4490 luisse
974 4446 994 4490 a
1014 4423 1229 4494 Denndorfio
1249 4425 1320 4519 (De
1336 4423 1556 4520 lluthologiae
1572 4451 1622 4518 gr.
1645 4425 1880 4522 epigramma-

291 4541 335 4610 tis
349 4542 394 4612 ad
410 4557 502 4612 artes
521 4541 780 4638 spectantibus)
798 4569 833 4640 p.
853 4543 912 4631 36,
928 4543 986 4614 35.
1005 4549 1138 4616 Omnes
1157 4547 1331 4643 siqnidem
1346 4549 1573 4642 neglexerant
1586 4551 1695 4646 ipsius
1714 4549 1882 4642 Diogenis

290 4662 399 4732 verba
416 4669 444 4751 l,
464 4663 562 4760 §39,
573 4672 723 4760 primum
742 4667 852 4736 modo
871 4667 993 4735 librum
1013 4669 1130 4764 operis
1145 4681 1206 4738 τῶν
1227 4675 1484 4766 ἐπιγραμμάτων,
1502 4679 1535 4742 in
1550 4697 1614 4768 quo
1630 4672 1717 4742 libro
1737 4679 1808 4768 ipse
1828 4672 1882 4740 lo-

291 4793 408 4882 quitur
421 4785 528 4881 (ibid.
548 4790 567 4879 5
586 4787 653 4883 63)
670 4799 688 4865 rt
710 4791 896 4884 Πάμμετρος
912 4792 1121 4887 inscriptum
1139 4792 1243 4862 luisse
1261 4795 1436 4865 testantis,
1456 4795 1555 4866 Unde
1572 4795 1652 4889 jure
1672 4821 1737 4865 suo
1767 4794 1886 4866 effecit

293 4909 529 4980 Benndorllus
555 4941 571 4974 <c
595 4912 632 4980 in
650 4911 796 5008 reliquis
820 4914 918 4984 libris
944 4916 1089 4985 aliorum
1116 4915 1262 4987 infuisse
1286 4934 1473 5014 poetarum
1493 4919 1744 5014 epigrammata
1770 4943 1886 5014 neque

293 5031 364 5101 ulla
384 5031 549 5124 Diogenis
568 5031 691 5127 ipsius.
713 5065 729 5098 >›
744 5041 819 5105 lam
831 5062 941 5132 quum
956 5053 1083 5134 praeter
1102 5063 1141 5107 ea
1161 5063 1239 5134 quae
1253 5040 1289 5109 in
1309 5041 1405 5110 Vitas
1425 5025 1721 5137 philosophorum
1740 5063 1885 5136 recepe-

291 5165 345 5220 rat
369 5175 449 5242 sua,
476 5176 654 5248 perpauca
680 5155 931 5251 epigrammata
961 5159 1182 5255 Anthologiae
1206 5177 1333 5232 sonent
1359 5163 1575 5256 Diogenem,
1602 5160 1717 5232 videri
1747 5173 1889 5257 poterat

292 5273 460 5370 Cephalas
483 5277 642 5348 Vitarum
663 5304 771 5376 opere
793 5280 869 5352 solo
884 5308 958 5354 esse
979 5309 1078 5372 usus,
1096 5285 1193 5382 quod
1217 5309 1312 5356 nuuc
1332 5309 1405 5354 non
1424 5298 1552 5381 potest.
