4018 5938
569 459 692 522 CAPUT
712 459 739 520 1.·
759 457 985 520 CHRISTIANA
1004 460 1293 522 EPIGRAMMATA.

165 595 191 664 l}
205 596 283 653 ἐθνῶν
295 591 341 651 καί
354 588 421 669 ἐγώ·
432 587 551 650 τούνεκεν
564 579 622 648 οἶδα
636 590 706 648 τάδε.

249 738 287 785 el.
296 734 394 790 Εἷςτοῦς
404 731 423 780 α’
431 731 533 796 ραίνικας
543 731 581 778 καὶ
593 731 634 786 τὰς
643 733 674 779 ιδ’
684 731 766 792 πηγάς,

126 860 241 922 Ἑπτοίκι
257 857 314 926 τούς
328 858 390 918 δέκα
403 858 536 939 φοίνικας,
548 857 700 916 δυοκαίδεκα
715 854 800 933 πηγὰς

168 953 282 1028 Χριστοῦ
295 949 439 1008 τοσσατίων
453 947 505 1006 ίσθι
518 947 614 1012 τύπους
625 947 735 1027 ἑταίρων.

376 1097 414 1141 65.
433 1091 473 1144 Εἰς
486 1089 526 1138 τὸν
537 1089 646 1152 Ἀ6ραάμ.
737 1099 739 1102 ·

127 1213 247 1292 Ἇῦραᾶμ
260 1212 314 1270 υἱὸν
327 1214 383 1288 ἄγει
397 1211 487 1282 θυσίην
501 1215 565 1290 θεῷ·
576 1208 662 1282 ἵλαθι,
673 1208 749 1280 ποίην

167 1307 224 1368 νοῦς
238 1302 304 1382 epte
316 1301 418 1373 θυσίην,
431 1291 461 1371 ἧς
472 1299 530 1359 τόδε
540 1298 652 1378 γραίριμα
663 1296 751 1362 τύπος.

124 1475 165 1516 66.
187 1467 228 1522 Εἰς
250 1467 291 1515 τὸν
311 1467 455 1530 Μελχισεδὲκ
476 1467 582 1514 θεδοῦντα
603 1441 637 1529 τῷ
652 1464 753 1528 λῦραὰμ
778 1465 841 1512 uiuus
862 1464 902 1512 καὶ
945 1485 948 1490 ·

476 1539 563 1602 ἄρτους.

124 1673 292 1751 Μελχισεδὲκ
306 1673 432 1750 βασιλεῦ,
445 1673 528 1746 ἱερεῦ,
539 1669 631 1748 ἄρτους
643 1691 671 1726 τε
683 1666 726 1726 καλ
737 1657 804 1724 οἶνον

165 1767 199 1828 ὣς
214 1763 252 1829 τίς
267 1761 315 1820 ἐὼν
327 1759 464 1840 παρέχειςς
475 1759 523 1826 Ὣς
536 1760 615 1824 τύπος
629 1757 760 1835 οίτρεκίης.
856 1815 859 1822 ,

218 1913 256 1960 67.
277 1911 316 1966 Εἰς
327 1911 367 1958 τὸν
376 1909 478 1971 ’Διἰραὰμ
489 1908 527 1957 ὅτε
541 1907 665 1963 ὑπεδέξατο
676 1907 716 1954 τὸν
727 1903 788 1954 θεόν.

124 2035 239 2116 Μορρῆν
254 2033 343 2092 ένθοίθε
357 2037 449 2106 μοῦνον
463 2029 517 2109 ἔχει
530 2029 596 2097 θεύς·
606 2028 711 2107 ὕστερον
722 2017 784 2085 edm

167 2133 190 2194 ές
203 2125 278 2205 φύσιν
290 2119 416 2198 ἀτρεκέως
430 2119 522 2192 ἤλυθεν
537 2115 693 2197 ἀνδρομέην.

159 2281 196 2326 66.
210 2275 250 2332 Εἰς
266 2274 305 2322 τὸν
315 2272 400 2322 Ἰσαὰκ
409 2271 449 2319 καὶ
458 2269 498 2318 τὸν
508 2266 597 2316 Ἰαιιὼθ
606 2266 644 2314 ὅτε
654 2264 723 2313 αὐτὸν
735 2259 871 2322 ηύλθγησεν.

126 2397 227 2468 Πνοιὴν
240 2393 287 2472 μέν
301 2393 343 2454 διδ
356 2395 478 2468 πνεῦμα,
492 2387 567 2466 δέρας
581 2387 608 2447 δὲ
624 2386 706 2466 λαίχον
722 2385 764 2445 διδ
777 2383 903 2464 γρίμμα·

168 2484 296 2567 εύρρειίνει
309 2482 410 2563 πατέρα
422 2486 478 2544 νοῦς
489 2477 545 2536 θεὸν
559 2476 687 2555 εἰσορόων.

368 2625 407 2670 etl.
423 2619 461 2674 Εἰς
473 2619 515 2676 τὴν
528 2616 664 2666 Ῥε6ίκκαν.

125 2745 234 2828 Νυμρίε
249 2739 416 2821 μουνογενὲς,
429 2739 517 2818 νύμρη
530 2735 616 2808 ίθνιιιή
630 2759 658 2795 σε
669 2737 778 2817 ριλοῦοα

167 2839 291 2912 κάτθορεν
303 2829 329 2898 ἐξ
342 2830 419 2909 ὕψους
433 2825 553 2923 σώματρς
565 2828 593 2883 οὐ
606 2828 731 2903 καθαροῦ.

400 2973 437 3019 70.
453 2969 492 3024 Ele
503 2969 545 3026 τήν
555 2966 635 3024 αὐτήν.

125 3097 243 3170 Τηλόθεν
256 3095 416 3174 οὐχῦδσίτων
433 3091 590 3167 μνηστεύετο
603 3089 686 3148 πότνα
700 3086 844 3160 Ῥιῦέκκα,

167 3187 269 3266 νύμφης
282 3185 309 3251 ἐξ
320 3185 397 3240 ἐθνῶν
411 3181 513 3239 ούνεκεν
526 3178 580 3246 leni
593 3179 682 3242 τύπος.

367 3335 405 3380 71.
421 3331 462 3385 Εἰς
473 3332 515 3387 τὴν
528 3330 667 3389 Σωμανῖτιν.

129 3456 204 3536 Enipi)
217 3451 387 3524 Ἐλισσαίου,
399 3450 552 3527 Σωμανῖτι,
564 3447 600 3514 δὶς
612 3445 689 3525 πόρεν
700 3444 762 3516 υἱὸν,

168 3547 261 3624 πρῶτοι
273 3541 320 3619 μὲν
335 3543 364 3597 ἐκ
377 3539 503 3618 γαστρὸς,
516 3535 621 3614 δεύτερα
633 3535 655 3591 δ’
670 3535 699 3591 ἐκ
710 3531 822 3591 νεκύων.

336 3684 373 3730 72.
388 3681 426 3734 Εἰς
440 3680 481 3736 τὴν
491 3673 698 3739 μηλωτὴνἨλίου.

131 3809 216 3867 Τοῦτο
230 3803 306 3883 δέρας
317 3801 438 3880 προλέγει
453 3798 533 3876 ἀμνὸν
546 3802 603 3856 θεοῦ
617 3795 702 3855 εἵνεκα
715 3794 817 3876 ποίντων

170 3895 311 3974 ἀνθρώπων
326 3895 392 3961 ζωῆς
404 3890 465 3969 τῇδε
479 3887 660 3962 λοεσσόμενον.

339 4045 378 4090 7³.
390 4041 430 4096 Εἰς
440 4039 479 4087 τὸν
490 4037 563 4086 nene
573 4035 703 4099 χριόμενον.

129 4172 178 4232 Ἐν
190 4174 227 4249 νῷ
240 4169 308 4247 ἔχων
323 4165 437 4244 πέρρικα
450 4161 539 4242 πατὴρ
552 4161 619 4226 τίνος
632 4159 706 4218 ἔκλυε
717 4156 802 4217 Aetli

170 4249 255 4330 οὗτος,
265 4255 294 4314 θν
309 4253 429 4332 εἰσοράοις
441 4251 528 4310 ἐνθάδε
540 4249 687 4327 χριόμενον,

398 4397 436 4444 lt.
450 4394 490 4447 nl<
499 4392 539 4441 τὸν
548 4390 637 4452 τυφλόν.

127 4525 285 4600 Ούνοματῇ
300 4524 374 4597 πηγῇ
387 4487 577 4592 ίΕσταλμένος·
590 4513 657 4572 dlii
670 4513 709 4581 τίς
721 4514 750 4572 in
762 4516 808 4570 τοῦ

168 4611 297 4671 ἔσταλται
311 4609 403 4678 νοέεις,
415 4606 481 4686 ὄρρα
495 4605 582 4662 τέλεια
598 4601 720 4682 βλέποις;

325 4722 330 4731 ¹
366 4755 404 4800 75.
420 4751 510 4808 Εἰςτὴν
521 4751 665 4809 Σαμαρεῖτιν.

127 4883 170 4941 Οὔ
183 4877 275 4950 τύπος,
289 4872 358 4936 ἀλλὰ
370 4872 425 4938 θεὸς
437 4872 481 4930 καὶ
493 4869 599 4950 νυμφίος
614 4867 702 4928 ἐνθάδε
716 4864 817 4944 νύμρην

170 4967 262 5039 σώζει,
277 4963 327 5034 τὴν
341 4957 453 5032 ἐθνικὴν,
465 4957 555 5022 ὕδατος
569 4953 643 5034 ἐγγύς
658 4953 727 5016 ἰδών.

402 5105 439 5154 76.
455 5102 495 5155 Εἰς
505 5100 545 5148 τδν
557 5096 641 5161 γάμον.

129 5231 211 5301 Τιῦξι
225 5229 273 5308 μέν
286 5223 416 5309 ἀτρεκέως
429 5215 496 5286 οἶνον
510 5222 577 5290 θεός·
589 5221 655 5281 ὅσσα
667 5217 694 5280 δὲ
709 5218 810 5300 κρυπτὰ

979 589 1130 662 exgentibus
1140 602 1165 650 et
1179 615 1238 665 ego3
1251 599 1344 650 idcirco
1354 601 1412 650 novi
1423 601 1476 651 isle.

1024 755 1027 761 ·
1129 741 1164 784 66.
1175 744 1201 785 ln
1213 745 1270 786 lllll
1283 743 1380 798 palmas,
1389 748 1412 788 et
1423 745 1464 787 xll
1475 743 1554 787 lonlei.

947 864 1041 927 Septies
1053 865 1138 916 (leuem
1149 867 1253 930 palmes,
1267 868 1331 919 duos
1340 872 1364 919 et
1376 869 1460 920 decem
1471 871 1550 920 sontes

979 952 1069 1004 Christi
1082 958 1119 1006 tot
1130 956 1226 1006 novenis
1236 961 1307 1020 typos
1319 958 1500 1021 discipulorum.

1232 1099 1265 1142 66.
1280 1101 1305 1142 ln
1320 1099 1437 1144 Attalum.

948 1215 1069 1267 Abraham
1083 1217 1160 1269 fllium
1175 1218 1244 1268 ducit
1264 1219 1408 1269 sucrificium
1426 1222 1484 1270 Deo.
1503 1221 1580 1270 Fene!
1595 1221 1667 1283 quale

980 1318 1049 1356 mens
1057 1305 1166 1356 intuetur
1176 1307 1334 1368 mellicium,
1347 1308 1417 1371 cujus
1427 1306 1481 1357 haec
1492 1309 1585 1372 pictura
1596 1309 1683 1372 typusl

1040 1473 1074 1516 66.
1091 1475 1117 1516 ln
1127 1471 1271 1518 melchisedec
1282 1473 1373 1517 dantem
1385 1473 1510 1518 nbrehsmo
1522 1475 1599 1519 vinum
1608 1479 1631 1520 et

1298 1563 1372 1608 nanee

947 1673 1108 1724 Melchisedec
1118 1686 1171 1734 ren,
1185 1673 1311 1735 sacerdos,
1322 1688 1445 1737 panesque
1454 1678 1479 1724 et
1490 1675 1576 1724 vinum

980 1764 1007 1811 ut
1016 1761 1073 1823 quis
1081 1760 1198 1810 exsistens
1208 1761 1318 1824 praebes?
1328 1764 1361 1811 Ut
1370 1765 1443 1824 typus
1453 1762 1570 1812 lenitatis.

1086 1911 1120 1955 67.
1135 1913 1161 1956 ln
1173 1911 1300 1967 Abraham,
1310 1911 1401 1968 quando
1410 1913 1497 1968 exeepit
1507 1916 1585 1958 ileum.

947 2039 1058 2086 Formam
1069 2050 1146 2088 ειιαιιι
1155 2037 1195 2086 hle
1204 2040 1300 2087 lentum
1309 2036 1383 2087 habet
1392 2041 1472 2100 Deue3
1483 2040 1562 2090 serlus
1571 2039 1673 2103 posthac

978 2123 1002 2174 in
1012 2129 1124 2175 naturam
1137 2138 1193 2175 sere
1205 2125 1270 2176 uenit
1278 2125 1419 2176 humanam

1033 2276 1067 2318 66.
1081 2278 1107 2319 ln
1117 2277 1300 2332 lesatensem,
1311 2277 1402 2333 quando
1412 2277 1464 2324 lmic
1473 2279 1509 2324 llle
1520 2279 1639 2327 benedixit.

948 2401 1110 2464 Flagrantism
1123 2401 1154 2451 ob
1168 2402 1296 2465 spiritum,
1309 2404 1448 2467 pelliculam
1467 2419 1525 2456 vere
1538 2409 1678 2458 sumserunt
1693 2409 1725 2459 ob

978 2488 1066 2539 hilaret
1078 2492 1172 2552 petrem
1183 2503 1252 2540 mens
1261 2493 1341 2541 Deum
1350 2491 1455 2542 intuens.
1596 2495 1723 2560 [liternum

1224 2630 1258 2674 m.
1275 2632 1300 2673 ln
1311 2616 1442 2674 Rebeccam.

949 2752 1040 2812 sponse
1055 2749 1189 2813 unigenite,
1204 2763 1293 2813 sponse
1306 2753 1331 2800 te
1348 2751 1444 2815 gentilis
1458 2766 1542 2804 umens

979 2836 1078 2887 desiluit
1089 2837 1194 2900 desuper
1207 2838 1238 2888 de
1252 2851 1352 2901 corpore
1363 2832 1493 2903 non'pum.

1237 2978 1270 3021 76.
1283 2979 1309 3020 ln
1323 2976 1424 3022 eandem.

949 3102 1002 3150 Non
1019 3101 1150 3164 proculab
1167 3102 1238 3164 equis
1251 3101 1635 3164 quesite-suit-inmstrimonium
1651 3121 1723 3158 vene·

981 3201 1076 3252 sponsae
1086 3191 1181 3253 gentilis
1190 3190 1306 3254 quomam
1317 3195 1355 3241 est
1368 3195 1449 3255 typus.
1510 3193 1593 3256 [rmdu
1608 3196 1724 3260 Rebecca,

1212 3334 1245 3377 71.
1259 3336 1284 3376 ln
1294 3335 1462 3380 sunamitidem.

950 3455 1099 3519 snpplicatio
1110 3455 1217 3517 Elissaei,
1228 3457 1374 3518 sunamitis,
1385 3457 1423 3506 his
1434 3457 1501 3508 dedit
1511 3459 1603 3524 lilium,

980 3544 1016 3606 pri
1021 3558 1048 3594 ns
1059 3542 1159 3606 quidem
1167 3557 1195 3592 en
1208 3547 1305 3606 velitne,
1315 3546 1438 3614 posterius
1447 3559 1474 3595 οι
1485 3549 1594 3623 ιιιοτῑμίε.

1212 3687 1246 3729 72.
1260 3688 1285 3730 ln
1295 3685 1386 3740 pellium
1395 3685 1459 3730 lille.

901 3861 905 3872 ,
951 3809 1010 3858 llee
1022 3807 1091 3870 pellis
1103 3807 1214 3870 prmdieit
1228 3821 1317 3870 sgnum
1329 3807 1373 3856 Dei
1383 3821 1458 3858 muse
1470 3808 1578 3860 omnium

981 3895 1109 3945 honninum
1117 3895 1175 3945 vitm
1185 3894 1225 3944 hle
1233 3895 1383 3945 levatumm.

1150 4030 1185 4072 76.
1197 4029 1225 4073 ln
1235 4028 1341 4072 Davidem
1355 4029 1393 4098 qul
1404 4029 1505 4084 ungitur.

952 4156 979 4203 ln
988 4155 1069 4202 mente
1077 4150 1168 4202 habens
1177 4150 1266 4201 tremui
1275 4151 1344 4212 pater
1354 4151 1482 4214 cujusnam
1493 4151 1577 4204 audiat
1588 4155 1667 4206 David

950 4293 951 4297 ,
983 4240 1152 4302 hieee‚quem
1160 4239 1261 4288 intueris
1270 4237 1311 4287 hle
1319 4237 1501 4303 dum-ungitur.

1248 4380 1283 4424 76.
1298 4381 1325 4423 ln
1339 4389 1432 4424 caeclllll.

952 4509 1045 4557 Nomen
1057 4505 1117 4554 tenti
1128 4503 1225 4554 Missus.
1237 4503 1285 4553 Sed
1294 4503 1350 4566 quis
1360 4502 1425 4552 unde

983 4595 1074 4644 missus
1083 4593 1293 4655 tuitenreputns‚
1309 4593 1337 4640 ut
1347 4590 1455 4653 perlecta
1467 4595 1568 4641 cernes?

1213 4741 1247 4785 76.
1263 4743 1288 4785 ln
1299 4740 1467 4784 samaritanam.

952 4868 1004 4916 llon
1016 4868 1103 4928 typus,
1116 4864 1160 4912 sed
1169 4861 1230 4912 deus
1241 4864 1266 4912 et
1276 4873 1381 4925 sponsus
1389 4859 1430 4910 hle
1438 4873 1551 4924 sponsam

950 4963 953 4970 ’
984 4953 1064 5003 servat
1078 4950 1203 5016 gentilem,
1214 4961 1302 5013 squam
1312 4949 1381 5011 juna
1394 4961 1494 4999 demens
1504 4961 1574 5000 εοιιι.

1247 5091 1282 5134 76.
1297 5093 1324 5134 ln
1337 5089 1437 5146 Nuptias.

954 5221 1021 5276 feeit
1032 5232 1090 5273 vere
1101 5219 1186 5272 viuum
1196 5217 1258 5271 deus
1271 5239 1277 5270 ε
1290 5233 1346 5282 que
1359 5219 1440 5269 sutem
1454 5227 1540 5267 ιτυαιισ
