3916 5930
526 446 647 505 csPUT
667 447 729 506 Vll.
752 446 1028 508 EPIGRAMMATA
1049 449 1315 512 SEPULCRALlA.
1648 448 1709 506 ale

166 573 222 633 ἴστε
236 573 263 633 δὲ
279 580 391 652 ναυηγοῦ
404 580 477 652 σῆμα
491 575 691 655 παρερχόμενοι.

364 723 428 774 270.
445 715 663 775 ΣΙΜΩΝΙΔΟΥ.

972 577 1063 628 noscite
1071 592 1129 628 vero
1137 579 1247 643 naufragi
1259 579 1443 628 monumentum
1454 575 1636 639 rospraeterire.

1208 716 1261 761 270.
1277 711 1446 760 SlMONlDlS.

124 855 224 915 Τοόσθε
236 853 294 912 ποτ’
308 855 338 911 ἐκ
351 853 478 932 Σπάρτας
492 853 622 933 ἀκροθίνια
637 853 729 934 Φοίόῳ
741 853 849 932 ἄγοντας
942 853 992 902 ¹¹⁰³
1000 851 1057 900 ⁰15¹ss
1069 854 1154 914 SlMuta
1167 851 1282 914 lffi'nfifiilt3
1292 850 1382 901 Phoebo
1398 851 1501 903 ῑθῐθῡίθθ

166 939 194 998 ἓν
204 940 329 1016 πέλαγος,
343 939 389 1016 μία
400 941 459 1012 νὺξ,
473 932 508 1007 εἷς
518 941 598 1020 πάρος
609 942 746 1020 ἐκτάρισεν.
793 1023 795 1028 Ι

334 1091 402 1140 εει.
427 1081 691 1140 ΚΑΛΛΙΜΑΧΟΥ.

127 1225 228 1305 Ὠρελε
241 1223 301 1298 μηθ’
316 1223 429 1300 ἐγένοντο
443 1223 500 1281 θοαί
512 1223 579 1289 νέες·
591 1225 619 1282 ού
630 1221 679 1301 γάρ
691 1222 722 1280 ἂν
734 1227 807 1296 ἡμεῖς

167 1311 249 1366 παῖδα
263 1307 411 1368 Διοκλείδου
425 1308 545 1368 Σώπολιν
560 1307 704 1386 ἔστίνομεν·

129 1401 172 1452 νῦν
187 1396 210 1454 δ’
223 1401 237 1454 ὁ
251 1394 298 1472 μὲν
310 1397 347 1453 εἰν
358 1395 402 1453 ἁλί
414 1417 462 1452 που
474 1393 578 1474 φέρεται
589 1393 676 1461 νέκυς·
690 1393 746 1454 ἀντὶ
756 1395 777 1452 δ’
789 1394 886 1452 ἐκείνου

168 1481 263 1558 ούνομα
277 1481 322 1539 καὶ
335 1480 420 1540 κενεὸν
433 1485 507 1558 σῆμα
518 1481 710 1560 παρερχόμεθα.

383 1623 444 1676 ειν.
465 1627 523 1672 τοι·
541 1609 647 1674 arnol.

131 1748 224 1816 Νάξιος
234 1749 281 1806 οὐκ
291 1747 333 1806 ἐπὶ
345 1752 391 1825 γῆς
401 1752 487 1808 ἔθανεν
501 1749 600 1818 Λύκος,
612 1751 667 1808 ἀλλ’
684 1749 721 1807 ἐνί
732 1749 818 1829 πόντῳ

169 1839 231 1892 ναῦν
244 1834 300 1909 ἅμα
314 1835 358 1892 καὶ
370 1834 456 1915 ψυχὴν
470 1827 536 1893 εἶδεν
552 1834 744 1911 ἀπολλυμένην,

132 1920 241 2001 ἔμπορος
252 1922 389 2000 Αἰγίνηθεν
400 1921 437 1981 ὅτ’
449 1922 537 1982 ἔπλεε·
549 1924 590 2000 χώ
603 1924 649 1997 μὲν
661 1925 687 1980 ἐν
699 1926 764 2002 ύγρῇ

169 2009 274 2086 νεκρός·
289 2007 340 2085 ε’γὼ
355 2011 376 2067 δ’
391 2010 476 2077 άλλως
489 2009 586 2085 οὔνομα
596 2007 693 2084 τύμύος
704 2009 783 2088 ἔχων,

132 2096 254 2176 κηρύσσω
267 2098 414 2167 πανάληθες
426 2096 487 2164 ἔπος
499 2095 572 2156 τόδε·
588 2126 600 2151 ι
616 2100 703 2174 Φεῦγε
717 2096 835 2176 θαλάσσῃ

170 2211 181 2238 ν
196 2185 351 2262 συμμίσγειν
365 2185 486 2266 Ἐρίρων,
497 2175 614 2262 ναυτίλε,
630 2185 769 2262 θυομένων.
785 2213 797 2236 ι

369 2338 436 2388 27³.
459 2328 662 2388 ΛΕΩΝΙΔΟΥ.

134 2469 216 2546 Εύρου
233 2491 265 2544 με
279 2472 389 2548 τρηχεῖα
402 2468 447 2526 καὶ
462 2469 593 2540 αἶπάισσα
604 2467 736 2546 καταιγλς,

169 2556 214 2615 καὶ
225 2555 284 2628 νθξ,
298 2555 343 2614 καί
355 2557 477 2636 δνοφερῆς
491 2555 596 2632 κύματα
607 2556 747 2625 πανδυσίης

133 2644 223 2723 ἔάλαύό
238 2643 374 2722 Ὠρίωνος·
386 2643 533 2704 ἀπώλισθον
546 2642 573 2700 δέ
589 2641 654 2718 βίοιο

171 2731 369 2809 Κάλλαισχρος,
383 2728 497 2789 Λιόυκοῦ
513 2728 597 2804 μέσσα
610 2729 674 2788 θέων
688 2729 825 2806 πελάγεος.

135 2819 213 2894 Κάγὼ
226 2818 273 2892 μὲν
286 2817 372 2896 πόντῳ
386 2817 544 2892 δινεύμενος,
559 2815 643 2896 ἰχθύσι
654 2821 756 2894 κ’ῠρμα,

169 2906 294 2984 οἴχημαι·
304 2903 414 2985 ψεύστης
424 2903 446 2962 δ’
457 2894 529 2970 οὗτος
540 2903 629 2962 ἔπεστι
638 2903 715 2970 λίθος.

264 3057 332 3106 274.
354 3046 529 3106 ΟΝΕΣΤΟΥ
550 3045 773 3104 ΒΥΖΑΝΤΙΟΥ.

134 3185 242 3262 θύνομα
255 3184 377 3265 κηρύσσω
391 3183 551 3260 Τιμοκλέος,
567 3185 602 3250 εἷς
618 3181 668 3241 ἅλα
683 3182 802 3263 πικρὴν,

170 3276 257 3345 πάντη
273 3272 435 3352 σκεπτομένη
451 3279 500 3330 πού
515 3275 572 3329 ποτ’
588 3272 628 3350 ἄρ’
642 3269 698 3330 ἔστί
714 3271 795 3338 νέκυς.

134 3363 211 3424 Alei!
227 3362 271 3421 τόν
283 3363 305 3420 δ’
317 3361 368 3432 ἤδη
382 3362 463 3440 φάγον
475 3359 573 3437 ἰχθύες·
585 3364 602 3430 ἡ
615 3355 641 3416 δὲ
654 3357 765 3436 περισσὴ

171 3451 265 3528 πέτρος
276 3447 327 3527 ἐγὼ
341 3447 370 3507 τὸ
384 3447 471 3524 μάτην
486 3445 597 3525 γράμμα
611 3444 727 3523 τορευθέν
743 3444 804 3524 ἔχω.

346 3561 700 3652 ειενιιιονιιιιον.

134 3735 158 3794 Ἀ
176 3733 295 3800 Πέλοπος
308 3741 384 3800 νᾶσος
395 3735 439 3791 καὶ
454 3729 578 3797 θύσπλοος
587 3729 669 3808 ὤλεσε
686 3728 794 3808 lipia,

972 955 1049 991 unum
1059 954 1137 1000 mare,
1148 954 1266 1002 menon,
1278 954 1343 990 unns
1352 941 1463 990 tumulus
1474 939 1591 1001 sepelivit.

1192 1084 1246 1130 271.
1260 1079 1461 1131 canumacffl.

942 1223 1038 1272 Utinam
1045 1233 1214 1282 non-uuquam
1226 1219 1373 1268 exstitissent
1389 1219 1479 1280 rapide
1491 1220 1577 1270 nares!
1587 1233 1635 1268 non
1650 1219 1717 1268 enim

972 1321 1076 1373 puenun
1087 1305 1477 1368 Dioclidmsopolindeileremus3
1587 1315 1593 1344 2
1661 1306 1715 1367 [nos

942 1407 1007 1444 nune
1018 1395 1101 1443 autem
1112 1393 1153 1441 hie
1168 1391 1268 1454 quidem
1281 1391 1305 1440 in
1318 1391 1379 1441 mari
1400 1391 1489 1440 alicubi
1509 1391 1585 1440 fertur
1603 1391 1714 1452 cadauer,

972 1493 1059 1530 nomen
1072 1483 1097 1530 et
1108 1481 1179 1529 inane
1191 1479 1377 1528 monumentum
1390 1478 1551 1540 preterimus.
1583 1478 1617 1542 [et
1631 1491 1673 1541 pro
1687 1493 1716 1528 eo

1219 1627 1271 1670 272.
1294 1631 1441 1673 EIUSDEM.

944 1763 1093 1814 Naxius‘non
1105 1776 1179 1825 super
1187 1765 1252 1812 terre
1260 1761 1321 1811 obiit
1329 1751 1423 1824 Licus,
1435 1759 1478 1809 sed
1488 1759 1512 1808 in
1521 1761 1594 1822 ponto

974 1863 1061 1900 narem
1071 1850 1142 1900 sirnul
1152 1852 1177 1899 et
1185 1849 1289 1898 animaru
1298 1847 1358 1898 vidit
1366 1849 1521 1911 pereuntem,

944 1941 1063 1988 mercator
1075 1939 1159 2001 AEgine
1172 1952 1250 2001 quum
1262 1937 1385 1999 navigaret
1401 1957 1407 1986 z
1419 1938 1444 1987 et
1456 1935 1497 1986 hie
1511 1936 1609 1999 quidem
1623 1937 1646 1985 in
1658 1938 1718 1986 mari

974 2028 1086 2075 mortuus
1096 2028 1146 2088 est,·
1157 2038 1201 2088 ego
1213 2027 1294 2074 autem
1304 2037 1393 2073 venium
1405 2036 1492 2073 nomen
1504 2025 1616 2074 tumulus
1628 2022 1719 2074 halrens
1822 2049 1824 2054 .

945 2114 1067 2176 proclamo
1079 2114 1234 2164 verissimum
1247 2113 1340 2162 dietum
1348 2111 1396 2160 hoe
1409 2131 1415 2160 ε
1430 2131 1441 2155 ι
1453 2115 1519 2176 Fuge
1532 2112 1591 2161 mari

977 2222 989 2244 ι
1004 2202 1190 2252 te-oommittore
1206 2199 1302 2261 Hoedis,
1316 2201 1405 2260 nauta,
1422 2199 1615 2249 occidentibus„

1220 2345 1273 2390 273.
1289 2341 1439 2390 Leonum.

948 2479 1004 2528 Euri
1017 2491 1055 2527 me
1067 2489 1152 2540 aspere
1162 2479 1187 2526 et
1197 2489 1305 2539 praeoeps
1317 2475 1433 2539 procella,

978 2568 1003 2614 et
1013 2577 1058 2614 nox
1067 2601 1073 2624 ,
1082 2566 1107 2614 et
1118 2562 1328 2614 tenebras-cientis
1342 2563 1433 2612 fluetus
1442 2565 1542 2611 oeceses

948 2650 1277 2714 Orionispessumdedemnt,
1291 2652 1317 2700 et
1330 2649 1508 2713 delepsuesum
1516 2649 1569 2702 rita

979 2739 1151 2799 (tullentinus,
1162 2738 1279 2800 Libycum
1293 2750 1392 2786 currens
1404 2749 1447 2798 per
1459 2749 1533 2786 mere.

949 2829 1026 2890 Atque
1040 2840 1084 2889 ego
1096 2825 1194 2888 quidem
1207 2825 1291 2887 pelago
1304 2824 1415 2884 uolutus,
1428 2823 1536 2885 piscibus
1547 2822 1642 2886 praeda,

980 2913 1053 2976 perii;
1067 2911 1170 2962 mendax
1184 2913 1265 2962 autem
1274 2911 1314 2960 hio
1327 2913 1357 2961 ut
1370 2911 1508 2960 inme-slat
1521 2909 1590 2972 lapis.

1148 3054 1200 3100 274.
1218 3051 1346 3099 ONFSTAE
1361 3051 1514 3098 BYZANTH.

902 3255 906 3264 .
951 3195 1043 3243 Nomen
1054 3193 1176 3256 proclamo
1185 3191 1311 3252 Timonis,
1322 3191 1346 3240 lu
1354 3205 1421 3241 mere
1433 3203 1543 3241 amarum

981 3292 1156 3342 usquequaque
1164 3279 1319 3341 prospectans
1330 3277 1371 3326 ubi
1384 3277 1483 3328 terudem
1496 3277 1528 3326 sit
1538 3276 1647 3326 cadaver.

950 3371 1016 3428 lieu,
1030 3367 1091 3417 heul
1112 3366 1158 3416 hon
1169 3365 1219 3426 iarn
1231 3365 1388 3415 eomederunt
1400 3364 1495 3427 pisqes:
1512 3363 1561 3413 alta
1569 3361 1664 3414 outem'

980 3457 1047 3518 petra
1060 3469 1104 3518 ego
1117 3454 1207 3504 frustra
1219 3452 1322 3502 iuelsum
1331 3452 1430 3502 titulum
1439 3450 1524 3500 habeo.

1220 3598 1272 3644 27⁵.
1290 3595 1452 3642 GAETULlGl.

952 3734 1130 3797 Peloponnesus
1143 3737 1168 3782 el
1180 3731 1491 3795 navigantihueperloulose
1502 3728 1606 3792 perdidit
1618 3730 1705 3788 creta,

137 3867 1184 3902 -Ἶ--Ρ-ᾑ--ῌ

420 3969 476 4014 270.
494 3967 625 4000 piliolum.

135 4073 181 4117 llos
192 4071 311 4134 Spartana
322 4063 402 4112 lerunt
413 4062 469 4110 dum
482 4059 569 4109 Phoebo
581 4059 643 4106 dona
652 4093 659 4118 ,
668 4056 769 4123 peremit

165 4155 221 4202 Nox
235 4165 296 4210 irus,
309 4147 378 4196 unius
388 4146 423 4194 ris
436 4143 507 4193 meris
516 4179 523 4204 ,
533 4158 580 4192 una
590 4141 656 4191 ralis.

407 4269 463 4314 271.
481 4265 637 4299 αιιιιειεσιιι.

135 4367 277 4416 Debuerant
291 4379 339 4412 nou
351 4377 401 4410 esse
415 4368 478 4409 retes
494 4374 500 4406 :
514 4373 562 4406 non
572 4357 620 4421 jann
631 4368 789 4418 gemeremus,

166 4451 232 4497 Nate
242 4443 355 4495 Dioclidae
365 4441 460 4508 sepeli,
474 4448 551 4488 morte
563 4446 612 4486 tua.

135 4536 204 4582 Nilne
219 4531 293 4579 miser
304 4529 354 4594 ipse
367 4525 428 4575 mari
439 4523 539 4589 raptaris
550 4529 658 4570 mortuus
670 4534 676 4568 ι
689 4528 714 4568 at
726 4533 767 4566 nos

166 4613 303 4680 Aspicimus
314 4620 407 4660 tantum
421 4606 523 4657 nominis
537 4604 600 4654 hune
612 4603 740 4652 tumulum.

433 4733 488 4780 αρε.
503 4731 615 4764 nusum.

135 4833 227 4882 Nauius
241 4830 267 4878 in
280 4837 345 4878 terra
361 4841 439 4891 sospes
451 4829 525 4889 Lycus
541 4822 565 4870 in
577 4821 648 4868 maris
659 4819 719 4868 unda
774 4865 783 4882 ⁸

167 4919 197 4964 Et
208 4927 304 4980 pessum
315 4911 388 4959 uitam
397 4906 456 4955 vidit
470 4912 495 4954 et
508 4904 543 4952 ire
559 4912 648 4962 ratem,

136 5001 197 5046 Dum
216 4991 372 5056 renitAEginn
384 4995 510 5039 mercator.
545 4982 665 5032 Fluctibus
674 4981 714 5028 ille

167 5081 241 5128 Nune
256 5075 334 5139 agitur
349 5087 356 5122 ε
370 5069 475 5120 tumulus
486 5081 572 5114 nomen
588 5064 658 5112 inane
671 5076 733 5124 gero.

135 5161 227 5226 Accipe
241 5173 305 5208 nuuc
315 5155 432 5205 monitum
447 5163 535 5200 verax:
549 5161 603 5197 oum
616 5141 729 5210 pontesii
743 5137 827 5187 lloedos

156 5233 297 5304 mergere,
309 5254 362 5288 cum
374 5245 447 5302 poulo
462 5233 491 5283 sit
505 5230 562 5291 libi,
581 5236 670 5284 ιιειιεα,
685 5221 753 5272 nibil.

1240 3945 1294 4003 a73.
1315 3957 1434 3989 unonrnz.

952 4075 1006 4124 Nox
1017 4073 1109 4137 gravis,
1122 4081 1146 4119 et
1158 4079 1221 4120 tolus
1233 4069 1309 4134 pelagi
1316 4069 1364 4132 jam
1381 4067 1454 4116 lectus
1466 4066 1555 4126 Orion,

986 4158 1016 4203 Et
1029 4152 1126 4202 turbans
1139 4151 1197 4202 Euri
1211 4165 1271 4208 σανα
1282 4149 1385 4214 procella
1399 4148 1503 4207 fretum,

953 4237 1093 4288 Callaeselrro
1104 4250 1206 4285 noeuere
1216 4233 1275 4282 mihi
1289 4249 1295 4282 :
1311 4247 1411 4295 namque
1421 4230 1504 4278 excido
1518 4229 1580 4291 uita,

985 4327 1047 4370 Dum
1061 4320 1163 4369 medium
1176 4318 1258 4384 Libyci
1273 4315 1368 4381 gurgitis
1379 4330 1459 4380 equor
1474 4329 1525 4363 arn.

952 4407 1052 4466 Jamque
1063 4401 1119 4450 ieris
1130 4415 1172 4464 ego
1186 4397 1263 4464 praeda
1275 4395 1411 4446 natantibus
1426 4409 1521 4458 equore
1532 4393 1613 4442 volvor
1626 4407 1633 4442 z

986 4485 1032 4534 llie
1044 4483 1148 4532 tumulus
1160 4480 1260 4530 mendax
1272 4479 1307 4528 nil
1320 4477 1365 4527 nisi
1377 4491 1464 4525 nomeu
1475 4473 1556 4524 habet.

1176 4615 1234 4668 αρε.
1252 4620 1345 4654 onasus
1361 4618 1498 4652 conrnnnrr.

953 4721 1197 4781 Concelebro'nomen
1206 4724 1348 4784 Timocleis,
1359 4722 1462 4786 undique
1478 4729 1575 4785 pontum

985 4817 1152 4877 Prospeclans,
1164 4809 1184 4857 εἰ
1197 4824 1243 4873 qua
1260 4817 1342 4873 pareat
1356 4805 1478 4853 exanimis.

953 4895 991 4944 lh
1005 4894 1071 4944 cibus
1085 4893 1127 4942 ille
1139 4891 1183 4940 luit
1194 4893 1242 4956 jam
1256 4889 1370 4955 piscibus,
1382 4896 1416 4934 ast
1430 4901 1472 4948 ego
1482 4890 1561 4942 resto,

985 4980 1081 5025 Frustra
1094 4972 1182 5038 scripta
1196 4971 1273 5019 l'erens
1288 4968 1384 5018 nomina
1398 4982 1455 5013 rnna
1470 4964 1537 5028 lapis.

1144 5131 1147 5136 ,
1232 5090 1288 5148 275.
1306 5102 1436 5134 utrunrcr.

953 5216 1025 5261 Terra
1038 5219 1103 5258 velus
1117 5206 1209 5268 Pelopis
1221 5204 1357 5266 ratibusque
1370 5201 1515 5264 improspera
1527 5181 1600 5242 Crete
