3920 5936
471 419 473 424 ’
510 418 632 482 CAPUT
652 422 715 482 Vll.
739 421 1015 486 EPIGRAMMATA
1037 421 1305 482 SEPULGRALIA.
1653 425 1712 482 385

148 555 192 612 τὸν
206 552 394 632 λασιοατίρνων
407 551 514 630 κέντορα
526 553 689 632 παρδαλίων,

965 561 1713 628 hirsuttspaetoribusproeditarumpunctorcmpantheramm

106 644 208 720 τύμύος
222 641 289 720 ἔχει·
300 643 434 718 γλαφυρῆς
448 641 498 718 γλρ
514 641 566 698 ἀπὸ
580 642 669 720 χθονὸς
683 641 772 699 ἔκτανε
788 642 866 708 δεινὸς
933 647 1124 702 tumulushabet
1134 670 1141 698 ι
1151 661 1258 700 concava
1266 650 1426 700 enimeterra
1435 650 1592 702 oeuditeum
1602 653 1715 703 terribilis

149 731 286 810 σκορπίος,
302 728 414 798 ούτήσας
428 729 523 807 ταρσὸν
538 727 721 806 ὄρεσσιόοίτην.

108 818 227 898 Αίγανέη
243 818 269 878 δέ
282 819 393 876 τάλαινα
405 815 498 893 σίηυνά
512 839 540 873 τε
555 819 609 896 πὰρ
622 818 695 894 χθονὶ
708 817 805 888 κεῖται,

149 911 218 979 αἰαῖ,
231 905 382 986 θαρσαλέων
395 903 504 983 παίγνια
514 903 684 982 δορκαλίδων.

205 1055 274 1108 579.
298 1045 492 1106 ΛΕΟΝΤΙΟΥ
513 1041 804 1105 ΣΧΟΛΑΣΤΙΚΟΥ.

108 1189 212 1265 Πέτρου
226 1191 287 1266 ὁρᾷς
302 1189 413 1266 ῥητῆρος
427 1183 468 1242 ἀεί
482 1183 615 1260 γελόωσαν
629 1183 751 1254 ὀπωπὴν,

150 1275 241 1354 έξόχου
255 1277 292 1334 εἰν
307 1277 428 1352 ἀγοραῖς,
441 1271 531 1352 ίξόχου
546 1275 571 1331 έν
585 1271 666 1352 φιλίη.

108 1365 156 1424 Ἐν
168 1361 195 1421 δέ
209 1363 342 1421 Διωνύσου
355 1361 493 1438 θηεύμενος
506 1359 588 1418 ὤλετο
603 1365 710 1436 μοῦνος,

150 1449 244 1530 ὑψόθεν
260 1453 290 1508 ἐκ
303 1449 389 1527 τέγεος
403 1447 450 1506 σὺν
460 1447 597 1506 πλεόνεσσι
611 1445 708 1517 πεσών,

110 1539 186 1616 βαιὸν
198 1535 340 1611 ἐπιζήσας,
353 1535 413 1594 όσον
427 1535 533 1614 ἤρκεσε.
549 1537 574 1592 Τ
576 1539 649 1591 οῦτον
662 1533 742 1608 ἔγωγε

152 1625 240 1702 ἄγριον
252 1625 282 1682 οὗ
296 1623 399 1694 καλέοι,
415 1623 457 1680 τὀν
474 1621 500 1680 δέ
515 1621 590 1701 φύσει
605 1622 726 1678 θοίνατον.

230 1774 298 1824 580.
322 1763 532 1824 militarior
554 1761 770 1821 illinitur.

111 1904 217 1966 Οόποτέ
232 1927 265 1979 με
276 1903 382 1983 κρύψεις
397 1903 448 1960 ὑπὸ
459 1899 578 1978 πυθμένα
590 1903 691 1960 νείατον
705 1900 763 1972 αίης

155 1993 255 2062 τόσσον,
268 1990 327 2050 8οον
339 1989 437 2071 κρύψαι
450 1991 601 2048 ποίνσκοπον
615 1991 689 2066 ὄμμα
701 1989 791 2061 Δίκης.
826 1995 830 2004 “

269 2143 336 2192 581.
358 2133 566 2193 ΙΟΥΛΙΑΝΟΥ
586 2133 739 2192 sirini.

113 2275 183 2334 Ἀντί
196 2273 272 2355 φόνου
287 2273 367 2354 τοίφον
384 2273 453 2350 ιίμμι
466 2271 600 2352 χαρίζεαι,
610 2270 678 2330 ἀλλὰ
690 2271 734 2330 καί
747 2271 823 2338 αὐτὸς
840 2275 842 2280 ’

156 2363 218 2422 ίοων
232 2361 378 2442 αἰντιτύχοις
392 2361 528 2440 οὐρανόθεν
542 2359 668 2440 χαρίτων.

371 2514 432 2565 582.
453 2517 512 2562 ΤΟΥ
532 2516 637 2561 mot.
664 2585 670 2592 1

111 2645 199 2724 Χαῖρέ
213 2668 273 2722 μοι,
288 2632 310 2702 ὦ
324 2641 436 2718 ναυηγέ,
451 2640 496 2700 καί
511 2644 546 2707 εἷς
558 2636 645 2700 Ἀίδαο
660 2637 774 2717 περήσας

154 2735 256 2814 μέμφεο
271 2731 308 2807 μὴ
322 2731 417 2790 πόντου
432 2731 557 2807 κύμασιν,
568 2731 625 2788 ἀλλ’
638 2727 752 2802 ἀνέμοις.

82 2895 86 2902 .
115 2827 205 2882 Κεῐνοι
219 2822 267 2898 μέν
281 2825 304 2879 α’
318 2819 479 2895 έδοίμασσαν·
493 2817 554 2884 ἁλός
567 2814 595 2874 δέ
610 2840 639 2876 σε
653 2815 771 2896 μείλιχον
786 2814 854 2894 ὕδωρ

155 2915 180 2978 ές
194 2909 277 2989 χθόνα
292 2906 337 2968 καὶ
350 2907 470 2986 πατέρων
485 2905 614 2973 έίεκύλισε
628 2903 734 2984 τόφους,

219 3064 286 3114 583.
316 3050 484 3111 tractor
504 3045 789 3108 ΣΧΟΑΑΣῊΚΟΥ.

111 3201 212 3262 ’tilla
226 3201 287 3276 μηδ’
303 3197 420 3274 ἐγίνοντο
433 3196 530 3273 γοίμοι,
544 3193 581 3272 μὴ
594 3193 692 3270 νόμφια
703 3193 814 3273 λέκτρα·

154 3292 184 3348 ού
199 3287 250 3366 γθρ
264 3287 295 3348 ἃν
309 3286 407 3346 ὠδίνων
422 3284 529 3363 ἐξεφάνη
547 3281 684 3361 πρόφασις.

115 3381 171 3437 Νῦν
186 3377 238 3446 δ’ί]
253 3375 299 3450 μέν
313 3373 468 3453 τριτόλαινα
479 3371 544 3448 γυνί,
557 3369 680 3427 τίκτουσα
691 3368 816 3441 κοίθηται,

155 3461 250 3540 γαστρί
263 3459 290 3518 δέ
304 3460 442 3538 δυσκόλπιρ
454 3459 544 3537 νεκρὸν
557 3457 639 3517 ἔνεστι
650 3455 737 3524 τέκος·

114 3550 211 3633 τρισσὴ
224 3549 247 3608 δ’
258 3548 394 3630 ἀμφιλύκη
412 3547 507 3628 δρόμον
520 3545 624 3618 ἤνυσεν,
636 3543 705 3612 έξότε
722 3542 810 3620 μίμνει

155 3647 186 3706 rh
203 3643 296 3726 βρέφος
311 3643 453 3723 ἀπρήκτοις
466 3640 552 3702 έλπίοι
565 3639 726 3716 τικτόμενον.

114 3735 212 3814 Ιίοόφη
227 3731 268 3794 σοί
281 3732 379 3791 τελίθει
390 3731 510 3808 γαστὴρ,
523 3727 613 3800 τίνος,
629 3725 687 3786 ἀντί
701 3724 800 3796 κονίης·

116 3867 211 3882 ,αι-ιι

151 3953 203 3999 Nee
219 3949 298 3998 minus
312 3945 337 3994 in
351 3945 436 4011 pardos
453 3943 552 3992 vulnera
563 3949 629 3990 oerta
643 3941 713 3996 dare,

113 4033 234 4083 Continet
248 4029 290 4080 hic
300 4029 405 4079 tumulus
420 4043 427 4078 ς
443 4035 569 4092 postquam
584 4024 609 4072 in
621 4023 681 4088 pede
695 4020 800 4086 scorpius
813 4019 849 4068 illi

152 4115 291 4174 Montisago
303 4129 333 4162 ex
343 4111 390 4160 ima
400 4110 491 4175 spicula
504 4107 557 4157 fixit
568 4106 651 4156 humo.

116 4203 154 4248 At
168 4195 268 4246 domino
281 4195 373 4244 deserta
382 4193 463 4258 jacent
476 4189 593 4239 venabula
604 4198 669 4236 terra

149 4282 299 4344 Tragulaque
308 4315 315 4338 ‚
324 4277 438 4328 insultant
449 4291 512 4324 nuuc
524 4273 611 4339 quibus
622 4280 646 4321 et
657 4285 757 4336 capreae.

350 4407 408 4470 579.
427 4419 527 4453 ιιοειτιι
542 4415 671 4450 cannonis.

114 4537 234 4588 Rhetoris
243 4551 285 4585 ora
296 4534 360 4582 vides
371 4547 465 4597 semper
477 4527 579 4578 ridentia
591 4525 670 4586 Petri;

149 4624 253 4683 Magnus
265 4625 291 4666 ut
300 4623 352 4665 arte
364 4613 426 4673 iori,
438 4613 471 4662 sie
483 4619 508 4660 et
520 4607 633 4658 amicitia.

50 4733 52 4742 ι
114 4703 214 4753 interiit
226 4701 305 4762 solus,
319 4714 373 4749 eum
388 4696 459 4746 turba
473 4695 552 4760 lapsus
561 4691 592 4740 ab
601 4690 665 4748 alto,
727 4691 730 4698 '

150 4791 217 4836 Dum
228 4782 317 4833 Bromii
329 4788 420 4847 spectat
432 4775 524 4843 pulpita
538 4773 596 4822 testo
605 4771 658 4826 die;

114 4869 241 4920 suavem
250 4865 383 4926 modicum,
395 4869 510 4928 quantum
521 4855 586 4906 satis.
600 4857 668 4902 nane
676 4868 718 4916 ego
731 4852 800 4900 laudo

151 4956 277 5013 hlortern3
290 4960 376 5000 natura
387 4961 440 5011 quse
455 4941 536 5002 vertit,
548 4939 589 4988 illa
604 4935 666 4985 mala
678 4945 721 4985 est.

318 5069 375 5115 580.
395 5063 452 5112 ⁵81.
470 5071 568 5108 ronrran
586 5066 703 5101 ιιοτισιι.

115 5187 161 5233 Me
174 5183 232 5231 licet
246 5181 366 5230 occulcrcs
376 5177 459 5227 subter
471 5168 606 5223 fundamina
620 5173 703 5224 terras,

153 5269 210 5317 Non
224 5264 317 5314 occulta
332 5262 394 5312 toret
404 5277 443 5312 res
454 5269 533 5310 tamen
546 5253 587 5304 illu
601 5247 676 5299 Josi:
778 5309 783 5320 Ι

230 5360 368 5400 animasum
383 5363 399 5395 ι.

965 737 1090 802 scorpius,
1101 739 1231 789 vulnerans
1242 739 1300 802 cius
1310 739 1389 790 tuum
1400 740 1575 804 montivagum.

934 825 1046 876 taculum
1056 830 1139 876 autem
1152 827 1282 889 miserum,
1292 827 1462 891 venabulaquc
1471 829 1496 877 in
1504 831 1570 878 terra
1579 829 1675 893 jacent,

966 913 1015 964 hau
1026 951 1032 974 ‚
1042 913 1106 976 heu,
1116 916 1177 977 jam
1190 914 1321 966 audacium
1332 916 1437 966 ludibrio
1447 929 1597 981 caprearum.

1112 1059 1310 1108 579.1,E01t*rll
1328 1060 1540 1110 scflonssrlcl.
1568 1077 1573 1090 ¹

937 1195 1003 1245 Petri
1016 1195 1085 1246 vides
1098 1196 1201 1246 oratoris
1213 1197 1439 1260 sempor·ridentem
1449 1198 1561 1256 vultum,

968 1283 1105 1332 excellentis
1115 1283 1141 1332 in
1151 1282 1323 1345 concionibus,
1338 1283 1478 1334 excellentis
1487 1283 1512 1332 in
1523 1284 1638 1332 amicitia.

936 1373 965 1422 ln
980 1373 1068 1422 Bacchi
1080 1375 1164 1424 autem
1176 1372 1246 1423 ludis
1258 1355 1370 1436 spectans
1381 1373 1453 1436 periit
1464 1373 1545 1434 solus,

968 1459 1096 1524 desupere
1106 1463 1172 1510 tecto
1181 1473 1237 1510 cum
1250 1460 1361 1524 pluribus
1374 1460 1500 1523 delapsus,

937 1549 1062 1612 paruulum
1071 1549 1244 1612 supervivens,
1253 1552 1373 1612 quantum
1384 1547 1511 1599 satis-luit.
1525 1551 1593 1618 ilaue
1604 1549 1716 1611 equidem

968 1637 1099 1687 violentam
1112 1651 1159 1686 non
1171 1651 1247 1698 vom,
1266 1635 1310 1686 sed
1320 1637 1457 1688 naturalem
1469 1639 1573 1686 mortem
1590 1639 1629 1687 ita
1644 1649 1715 1685 coco.

1148 1783 1201 1828 580.
1220 1779 1342 1826 JULIANI
1360 1779 1508 1828 AEGYPTH.

939 1921 1067 1982 Nunquam
1079 1932 1119 1968 me
1131 1917 1264 1968 abscondes
1278 1916 1324 1966 sub
1337 1915 1413 1965 tundo
1424 1915 1510 1966 ultimo
1518 1919 1591 1966 mirre
1623 1915 1716 1978 [stitiae.

971 1997 1720 2061 tantum,quartumopusut-tallasomnituentemoculumJu-

1162 2145 1216 2190 stt.
1236 2141 1358 2190 loliani
1373 2142 1496 2191 AEGYPT.

940 2287 988 2334 Pro
997 2285 1064 2334 cede
1075 2285 1199 2334 tumulum
1211 2283 1281 2334 nobis
1291 2283 1398 2348 largiris3
1408 2284 1453 2334 sed
1462 2288 1487 2335 et
1495 2285 1547 2349 ipse

971 2373 1033 2422 tales
1045 2385 1131 2422 rursus
1143 2371 1245 2422 sortiare
1256 2373 1348 2422 neele
1359 2373 1456 2436 gratias.

1216 2521 1270 2565 582.
1290 2525 1439 2566 Eiusnsrs.

940 2655 1011 2704 Salve
1024 2652 1099 2716 mihi,
1113 2668 1128 2703 ο
1142 2654 1274 2717 musragc.
1288 2654 1351 2704 etin
1365 2667 1451 2704 orcum
1463 2655 1582 2706 deventus

972 2756 1096 2804 succense,
1111 2755 1159 2792 non
1170 2743 1238 2806 ponti
1252 2742 1383 2803 fluetibus,
1394 2742 1439 2793 sed
1452 2743 1540 2793 vcnhs.

941 2833 979 2883 Illi
991 2832 1090 2896 quidem
1104 2835 1129 2882 tc
1141 2832 1306 2890 domuerunta
1319 2831 1393 2881 maris
1406 2845 1463 2881 vero
1476 2835 1501 2881 te
1511 2831 1572 2881 lenis
1585 2833 1651 2882 unda

972 2920 1097 2970 interram
1111 2921 1136 2968 et
1148 2922 1245 2982 patmm
1260 2919 1330 2982 ejecit
1341 2919 1458 2968 tumulos.
1537 2989 1539 2996 Ι

1111 3056 1163 3111 58θῖ
1176 3061 1325 3110 suarm
1339 3061 1551 3111 scflotssmci.

943 3201 1040 3250 Utinam
1051 3214 1100 3250 non
1113 3201 1217 3251 luissent
1228 3200 1318 3264 nuptiae
1327 3239 1334 3261 ,
1342 3215 1391 3250 non
1402 3202 1541 3265 conjugales
1553 3201 1615 3251 tori!

973 3302 1023 3338 non
1036 3289 1100 3338 enim
1113 3288 1360 3352 puerperii-dolorum
1373 3289 1505 3340 exstitisset
1517 3290 1619 3339 occasio.

943 3380 1012 3427 Nunc
1024 3391 1082 3428 vero
1096 3377 1259 3426 intelicisslma
1271 3377 1359 3426 mulier
1370 3377 1510 3440 parturiens
1519 3377 1624 3438 desidet,
1639 3377 1719 3442 [lans;

973 3465 1052 3515 ventri
1064 3467 1147 3515 autem
1157 3463 1474 3514 infaustos-sinushabenti
1486 3467 1599 3514 mortuus
1614 3465 1677 3515 inest
1686 3467 1720 3514 ln·

944 3554 1092 3616 tertiumque
1104 3552 1275 3617 crepusculum
1287 3566 1389 3602 cursum
1401 3551 1518 3612 coniecit,
1529 3566 1625 3615 err-qno
1640 3557 1723 3603 manet

974 3645 1046 3692 tutus
1055 3653 1125 3704 puer,
1135 3639 1234 3691 intectis
1243 3639 1332 3704 spebus
1344 3639 1560 3703 dum-parturitur.

943 3727 1014 3778 Levis
1026 3727 1069 3778 tihi
1081 3729 1222 3788 satuens,
1234 3741 1328 3791 opuer,
1337 3728 1490 3791 propulsare
1502 3745 1508 3774 ι

942 3943 1050 4002 Namque
1062 3938 1081 3986 is
1094 3947 1179 3987 cuncta
1190 3937 1264 3986 videt.
1277 3935 1341 3985 Mihi
1355 3937 1396 3986 dns
1408 3952 1451 4001 pro
1463 3936 1526 3985 erade
1540 3933 1708 4000 sepulchrum:

975 4023 1040 4071 Talis
1054 4022 1158 4070 emlestes
1170 4021 1227 4070 dent
1238 4019 1360 4070 benaiam
1379 4019 1433 4072 tibi.

1231 4141 1288 4188 582.
1307 4155 1424 4188 rsnaosra.

944 4257 1062 4321 Nauimge
1073 4265 1154 4306 noster
1165 4273 1224 4316 ave,
1237 4271 1339 4321 eumque
1351 4254 1381 4304 ad
1392 4256 1462 4319 Styga
1475 4253 1567 4302 teneris
1576 4290 1584 4316 ‚
1593 4252 1678 4302 umbra

977 4343 1067 4390 Accusa
1077 4339 1142 4388 venti
1157 4337 1253 4387 flamina
1260 4335 1270 4399 ,'
1282 4353 1331 4386 non
1339 4337 1449 4402 pelagus3

945 4423 983 4473 lili
997 4440 1066 4474 casus
1079 4424 1143 4473 neeis
1156 4439 1162 4472 :
1178 4422 1252 4472 redte
1263 4421 1334 4470 maris
1346 4420 1410 4468 unda
1421 4417 1522 4467 laventis

977 4507 1083 4556 Pertulit
1091 4507 1119 4556 ad
1133 4516 1222 4567 terras,
1236 4513 1261 4553 et
1274 4519 1339 4554 saera
1353 4503 1423 4552 busta
1436 4511 1541 4567 patrum.

1139 4675 1142 4680 ,
1234 4625 1290 4672 533.
1309 4638 1430 4669 scarum.

945 4749 967 4792 Ο
982 4744 1073 4792 utinam
1082 4723 1204 4807 nunquam
1216 4740 1315 4790 thalami
1328 4740 1441 4804 telaque
1454 4737 1565 4793 tuissent,

978 4827 1052 4876 Causa
1065 4823 1198 4890 puerperiis
1210 4823 1244 4872 sic
1257 4823 1313 4888 quia
1326 4822 1391 4870 nulla
1405 4820 1476 4870 torel.

946 4913 1016 4960 Nunc
1027 4907 1093 4957 sedet
1106 4914 1243 4974 exspectans
1254 4906 1413 4972 nequicquam
1424 4903 1511 4954 semina
1526 4911 1607 4968 partus
1621 4917 1627 4947 τ

979 4992 1118 5042 Exanimum
1130 4991 1220 5040 miserm
1230 4991 1320 5040 viscera
1333 4989 1409 5040 tendit
1420 5004 1490 5046 onus;

948 5082 1059 5142 Dumque
1073 5075 1186 5124 teleusin
1201 5084 1282 5124 ventre
1294 5074 1329 5123 sui
1341 5089 1406 5138 spem
1424 5070 1542 5138 protrahit
1556 5076 1640 5126 ortuis,

980 5161 1075 5211 Tertius
1088 5169 1170 5209 exacto
1180 5157 1285 5226 praeterit
1295 5157 1354 5206 orbe
1366 5157 1425 5206 dies.

948 5246 983 5304 sii
995 5261 1056 5312 μυεο
1066 5261 1081 5294 o
1091 5243 1133 5293 tibi
1144 5260 1216 5310 parve
1229 5242 1286 5290 levis
1299 5257 1346 5290 non
1357 5251 1420 5289 terra
1430 5237 1470 5288 scil
1488 5237 1555 5286 olcus
1569 5251 1575 5283 ε

1586 5326 1613 5368 2³
