3916 5930
517 412 639 470 meur
660 411 721 470 νιι.
745 405 1023 470 ieronimum
1044 405 1312 496 suruucnnin.
1651 391 1708 464 oue

328 557 394 607 31⁴.
412 547 665 623 ΠΤΟΛΕΜΑΙΟΥ.

347 663 388 718 Εἰς
398 661 438 711 τὸν
449 661 519 710 αὐτὸν
531 660 637 723 Τίμωνα.

1191 561 1245 606 314.
1264 557 1440 606 PTOLEMAEI.

1177 671 1201 712 in
1213 668 1309 713 cundem
1325 669 1448 712 Timonem.

109 787 153 859 bii
166 787 245 846 πόθεν
257 785 310 860 εἶμί
322 783 417 861 μάθῃς,
433 783 494 860 μηδ’
509 781 621 856 οὔνομα·
632 779 701 852 πλὴν
713 780 753 840 ὅτι
763 778 883 852 θνήσκειν
929 787 965 835 Ne
974 786 1038 836 unde
1047 787 1093 835 sim
1102 785 1195 848 discos,
1213 799 1261 836 neu
1274 800 1375 844 nomem
1386 789 1481 836 tantum
1493 786 1553 834 mori

146 873 203 942 τοθς
218 875 283 952 παρ’
295 872 362 950 ἐμὴν
374 870 472 943 στήλην
487 868 641 950 ἐρχομένους
657 867 745 972 ἐθέλω.

197 1023 266 1074 ³15.
288 1013 531 1090 ΖΗΝΟΔΟΊῸΥ,
553 1014 577 1068 οἱ
592 1009 618 1068 δὲ
639 1010 782 1071 ΡΙΑΝΟΥ.

352 1129 394 1184 Εἰς
404 1127 444 1176 τθν
456 1126 525 1176 αὐτὸν
535 1126 639 1188 Τίμωνα.

111 1255 240 1330 Τρηχεῖαν
257 1251 315 1306 κατ’
327 1251 404 1324 ἐμεῦ,
416 1247 525 1330 ψαραρὴ
538 1247 608 1322 κόνι,
620 1247 716 1328 Quum
731 1247 842 1314 ἐλίσσοις

148 1339 284 1408 πάντοθεν,
298 1335 316 1408 ἢ
331 1340 435 1409 σκολιῆς
446 1335 525 1415 οἴχρια
539 1339 612 1395 κῶλα
629 1336 724 1415 βάτου,

113 1429 144 1492 ὡς
157 1427 197 1484 ἐπ’
209 1423 267 1501 ἐμοὶ
282 1426 344 1500 μηδ’
355 1424 422 1504 ὅρνις
434 1426 459 1483 ἐν
472 1421 539 1503 εἴαρι
551 1429 644 1501 κοῦρον
658 1425 750 1502 ε’ρείδοι

148 1513 232 1592 ἴχνος,
246 1513 371 1592 ἴρημοίζω
388 1514 410 1570 δ’
427 1511 515 1590 ἥσυχα
530 1511 688 1588 κεκλιμένος.

112 1593 147 1662 Ἦ
162 1601 210 1680 γὰρ
225 1605 238 1660 θ
252 1601 449 1678 μισάνθρωπος,
461 1603 475 1658 ὁ
486 1600 548 1675 μηδ’
560 1602 659 1659 ἀστοῖσι
674 1599 788 1681 φιληθεὶς

149 1687 239 1768 Τίμων
266 1691 320 1748 οὐδ’
332 1687 404 1769 Ἀἴθῃ
418 1687 523 1767 γνήσιός
537 1693 591 1765 εἶμι
604 1689 686 1756 νέκυς.

219 1841 301 1892 316..
312 1831 479 1891 ΛΕΩΝΙΔΑ
494 1828 511 1900 ἢ
525 1832 777 1891 ΑΝΤΙΠΑΤΡΟΥ.

355 1945 395 2000 Εἰς
406 1945 447 1994 τὸν
461 1944 530 1994 αὐτὸν
545 1944 639 2006 ὁμοίως.

117 2066 168 2136 Τὴν
182 2070 222 2126 ἐπ’
232 2070 297 2144 ἐμεῦ
311 2067 603 2147 στήλην.παραμεί6εο,
619 2067 685 2146 μήτε
700 2091 732 2144 με
746 2065 846 2146 χαίρειν

152 2154 236 2228 εἰπὼν,
248 2153 312 2234 μήθ’
324 2153 406 2228 ὅστις,
420 2155 457 2232 μὴ
470 2155 535 2222 τίνος
547 2156 677 2226 ἐξετάσας·

117 2241 178 2316 iuri
192 2243 238 2316 τὴν
253 2243 340 2311 ἆνιίεις
355 2243 471 2311 τελέσαις
485 2244 552 2303 ὁδόν·
564 2241 595 2312 ἢν
608 2244 635 2302 δὲ
649 2245 778 2325 παρελθῃς

152 2335 224 2410 σιγῇ,
239 2331 302 2409 μηδ’
318 2329 398 2400 οὕτως
411 2331 444 2402 ἣν
460 2331 543 2398 ἀνύεις
557 2332 685 2401 τελέσαις.

323 2483 391 2533 err.
411 2474 673 2534 nnnnlnnxor.

353 2587 392 2642 Et:
405 2587 445 2636 τθν
458 2587 528 2637 αὐτὸν
540 2587 644 2651 Τίμωνα.

953 876 1004 924 'eos
1013 873 1056 936 qui
1064 885 1147 922 meum
1156 873 1254 936 cippum
1266 875 1416 937 praetereunt
1429 873 1494 922 uolo.

1099 1012 1152 1060 sis.
1169 973 1334 1068 zenonem,
1352 1009 1404 1058 uns
1419 1011 1534 1059 nuum,

1173 1103 1207 1169 'in
1218 1123 1315 1168 eundem
1324 1123 1446 1166 Timonem.

930 1247 1046 1320 Aspeiam
1059 1254 1132 1317 mibi,
1147 1253 1214 1304 eride
1227 1255 1320 1318 pulvis,
1331 1254 1425 1318 spinam
1434 1253 1537 1304 obrolre

961 1346 1083 1410 undique,
1099 1349 1141 1396 aui
1155 1348 1271 1395 tortuosae
1285 1345 1389 1408 agrestia
1405 1344 1503 1394 brachiu
1516 1345 1585 1408 rubi,

930 1433 1128 1496 utinmeneque
1141 1433 1194 1482 avis
1207 1445 1282 1481 verno
1296 1434 1406 1494 tempore
1420 1431 1475 1481 lere
1488 1431 1611 1494 imprimet

961 1520 1104 1585 vestigium,
1118 1520 1186 1570 solus
1199 1519 1243 1570 sed
1253 1519 1339 1583 degam
1347 1518 1476 1581 nmquille
1489 1519 1628 1569 reclinatus.

930 1614 1003 1660 Eram
1012 1609 1076 1659 cuim
1083 1607 1123 1658 ilie
1132 1607 1333 1667 bominum-osor,
1341 1619 1372 1656 ne
1380 1606 1474 1655 civibus
1484 1605 1584 1669 quidem
1596 1606 1703 1663 amatus,

960 1697 1060 1758 Timon,
1070 1689 1149 1759 necue
1159 1695 1256 1745 Plutoni
1271 1696 1387 1758 acceptus
1400 1707 1455 1744 sum
1464 1697 1585 1744 mortuus.

1091 1835 1143 1883 iio.
1161 1835 1306 1882 LEONTDAE
1320 1835 1363 1880 aui
1380 1833 1551 1880 eburneum.

1245 1947 1271 1989 in
1283 1944 1388 1990 eundem.

933 2081 1077 2144 impositum
1086 2079 1145 2129 mibi
1156 2079 1254 2144 cippum
1268 2079 1378 2142 praeteri,
1388 2093 1467 2141 neque
1478 2078 1538 2127 mibi
1549 2079 1618 2128 Solve

965 2168 1060 2231 dicens,
1072 2181 1117 2218 nec
1129 2167 1173 2230 qui
1184 2167 1243 2229 sim,
1258 2181 1307 2217 non
1320 2167 1390 2230 cujus
1400 2169 1449 2216 εἱιιι
1460 2177 1572 2229 quaerens
1588 2187 1594 2215 :

933 2260 977 2309 eut
988 2258 1056 2322 quod
1063 2259 1143 2322 pergis
1151 2272 1182 2308 ne
1191 2257 1302 2308 absolvas
1311 2258 1371 2318 item
1381 2271 1468 2307 rerum
1479 2257 1499 2306 si
1508 2257 1632 2306 transieris

962 2345 1098 2396 tacito—ne
1110 2346 1146 2395 sic
1158 2344 1259 2408 quidem
1270 2343 1337 2407 quod
1348 2343 1428 2408 pergis
1437 2343 1557 2406 ebroinus.

1190 2490 1243 2535 317.
1262 2486 1464 2535 GALLIbiACHl.

1194 2593 1219 2642 ni
1233 2597 1330 2642 eundem
1340 2597 1466 2642 bunonem.
1563 2605 1564 2608 ¹

119 2733 142 2766 α.
150 2712 173 2769 T
176 2709 238 2786 ἴμων
247 2711 288 2789 (οὐ
296 2709 347 2790 γθιρ
355 2710 391 2769 ἔτ’
398 2710 475 2790 ἐσσί),
484 2711 510 2770 τί
518 2734 567 2783 τοι,
576 2711 665 2778 σκότος
675 2711 692 2782 ἢ
703 2711 776 2792 φάος,
786 2709 891 2793 &pipin
935 2745 961 2780 a.
975 2732 995 2779 0
1006 2729 1091 2779 Timon
1101 2729 1159 2790 (non
1167 2728 1231 2778 enim
1239 2727 1289 2791 jam
1300 2730 1346 2792 es),
1355 2727 1597 2793 quidiibi‚ienebnae
1607 2731 1650 2778 aui
1661 2730 1714 2786 lux,

156 2803 179 2876 β.
192 2800 231 2860 Τὸ
245 2799 352 2866 σκότος·
364 2799 460 2875 ὑμείων
474 2799 590 2867 πλείονες
604 2805 640 2858 εἶν
657 2799 737 2880 Ἀΐδῃ.

370 2943 431 2995 uie.
451 2945 509 2992 ror
531 2929 636 2991 error.

357 3027 396 3100 Είς
407 3045 447 3094 τὸν
460 3044 530 3093 αὐτὸν
541 3042 646 3103 Τίμωνα.

121 3165 163 3236 Μὴ
174 3166 273 3246 χαίρειν
288 3166 362 3245 εἴπῃς
377 3189 425 3240 με,
435 3165 515 3224 κακὸν
531 3165 611 3244 κεάρ,
626 3164 693 3224 ἀλλὰ
706 3163 831 3244 πιίρελθε·

152 3244 207 3313 ἴσον
220 3254 281 3331 ἐμοὶ
293 3253 394 3333 χαίρειν
405 3252 481 3314 κᾶστι
496 3252 525 3311 τὸ
540 3251 577 3328 μὴ
591 3253 619 3312 σὲ
633 3256 725 3332 reim.

394 3399 455 3450 319.
473 3401 611 3446 neubon.

358 3497 399 3551 Είς
410 3495 449 3544 τὸν
461 3495 530 3544 αὐτὸν
542 3495 646 3558 Τίμωνα.

122 3617 170 3676 Καὶ
183 3617 255 3685 νέκυς
270 3616 306 3676 ὧν
321 3621 346 3678 Τ
349 3618 415 3693 ίμων
431 3601 531 3698 ἄγριος·
546 3617 577 3677 σθ
592 3619 620 3675 δέ
634 3616 669 3694 γ’,
684 3605 706 3674 ὦ
721 3599 844 3694 πυλαωρὲ

157 3705 324 3780 Πλούτωνος,
337 3705 444 3784 τάρθει,
461 3703 593 3784 Κέρὸερε,
607 3705 643 3782 μή
656 3727 684 3762 σε
700 3704 777 3782 δάκῃ.

367 3926 368 3929 ,
396 3879 453 3932 3ε4.
471 3892 614 3934 ercitum,

438 3973 468 4023 de
481 3974 571 4024 eodem.

121 4081 184 4131 Unde
197 4099 239 4148 ego
248 4099 300 4133 non
317 4084 410 4144 disces,
427 4099 471 4132 nee
483 4099 531 4149 quo
543 4083 588 4132 sim
602 4082 699 4132 nomine
712 4097 719 4132 ι
731 4082 771 4131 sed
786 4081 860 4146 quod,

151 4167 217 4214 Hunc
230 4165 351 4216 tumulum
361 4164 467 4230 quisquis
482 4164 604 4231 preterit,
619 4173 676 4230 opto
690 4163 760 4212 mori.

403 4275 461 4342 315.
480 4289 613 4335 zeuooorr,

439 4364 469 4413 ιίι
479 4362 572 4416 eodem.

123 4472 196 4522 Funde
211 4473 291 4522 truces
302 4471 380 4538 spinas
391 4471 448 4521 hinc
462 4481 534 4537 elque
546 4471 603 4520 hinc
615 4471 732 4535 squallida
743 4471 827 4526 telius,

151 4559 328 4622 iiorreniesquc
343 4571 414 4622 super
425 4564 505 4604 nostru
516 4553 642 4619 sepulchre
655 4553 728 4603 rubos
739 4571 745 4604 ε

123 4640 155 4685 Ne
170 4639 207 4686 rel
219 4639 271 4688 eris
284 4645 358 4704 ponat
371 4637 429 4686 levis
443 4636 484 4685 hic
501 4636 596 4700 uestigia
608 4651 682 4684 verno

152 4725 283 4789 Tempore,
295 4723 336 4771 sed
349 4737 431 4787 νεμεαν
445 4730 470 4770 et
482 4720 533 4768 eine
546 4728 605 4768 teste
619 4719 714 4770 cubem.

124 4804 163 4851 iiie
176 4803 237 4856 ίοειιε
246 4821 301 4854 sum
310 4804 394 4860 Timo,
409 4803 469 4851 meis
483 4817 579 4866 quoquc
591 4800 683 4850 ciuibus
693 4800 785 4864 hostis,

153 4891 200 4937 Nec
213 4890 256 4938 Dis
268 4887 319 4954 ipse
332 4895 399 4960 putul
410 4901 474 4934 nunc
486 4884 542 4933 sniis
553 4900 603 4932 esse
619 4899 697 4933 suum.

411 4995 467 5042 316.
485 5007 608 5054 neonium,

441 5082 471 5134 de
482 5083 571 5134 eodem.

125 5195 189 5243 iinnr
202 5197 319 5246 mumium
334 5196 420 5258 nansi,
435 5211 479 5245 nec
494 5211 533 5244 me
546 5194 583 5243 rel
596 5210 653 5244 uoce
666 5194 742 5243 salute
756 5210 762 5244 :

966 2816 990 2866 b.
1003 2816 1119 2866 Tenebras
1130 2837 1136 2866 :
1147 2819 1257 2866 restrum
1267 2816 1350 2880 plures
1362 2817 1388 2866 in
1398 2815 1492 2868 Inferis.
1562 2815 1717 2880 iminium?

1118 2936 1122 2947 ,
1210 2965 1265 3012 318.
1288 2966 1438 3008 EJUSDBM.

1209 3063 1235 3104 in
1244 3061 1342 3106 eundern
1351 3060 1476 3106 Timonem.

936 3184 971 3232 No
981 3183 1074 3232 solvere
1084 3195 1123 3231 me
1130 3181 1230 3245 jubeas,
1241 3181 1358 3232 omalum
1371 3196 1420 3244 cor,
1432 3180 1582 3245 sedprreteri
1594 3203 1599 3230 :
1659 3179 1665 3192 '

967 3269 1033 3320 idem
1047 3272 1084 3322 esi
1093 3269 1153 3319 mibi
1162 3269 1230 3333 quod
1238 3270 1344 3331 salvere,
1355 3271 1380 3320 te
1394 3282 1443 3319 non
1451 3269 1564 3319 accudere
1573 3269 1661 3324 ad-me.

1215 3416 1268 3464 ³19.
1293 3417 1432 3458 lucrum.

1200 3509 1227 3551 ln
1240 3507 1337 3552 eundem
1348 3509 1474 3554 Timonem.

938 3625 969 3672 Et
980 3625 1036 3687 post
1048 3625 1152 3673 mortem
1163 3623 1249 3673 Timon
1259 3627 1297 3673 est
1309 3624 1376 3673 ierus
1391 3643 1396 3672 :
1407 3625 1435 3673 tu
1446 3637 1513 3684 vero,
1522 3625 1633 3686 ojunitor

968 3711 1099 3772 Plutonis,
1113 3711 1186 3772 time,
1203 3711 1306 3770 Cerbero
1315 3749 1321 3770 ,
1331 3724 1362 3760 uc
1375 3713 1400 3760 tc
1410 3711 1529 3760 mordeat.
1566 3701 1573 3712 ’

932 3911 937 3924 .
972 3877 1024 3922 Nec
1036 3889 1074 3921 me
1086 3871 1139 3937 quis
1153 3871 1253 3932 fuerim,
1265 3888 1313 3937 quo
1329 3871 1453 3934 genitore,
1471 3887 1536 3936 roga.

938 3955 994 4016 Sin,
1009 3971 1039 4003 ne
1054 3953 1203 4020 propositum
1218 3969 1313 4018 peragas
1327 3953 1382 4014 iier3
1399 3963 1423 4002 ut
1437 3953 1569 4002 taciturnus

970 4037 995 4087 si
1007 4037 1131 4092 transibis,
1147 4036 1193 4085 iier
1204 4036 1237 4084 sic
1249 4051 1344 4100 quoque
1355 4050 1386 4084 ne
1397 4051 1502 4100 perages.

1211 4148 1269 4207 3¹7·
1288 4162 1454 4204 cirnnrricrr,

1260 4235 1291 4285 de
1307 4236 1398 4289 ecdem.

940 4343 1031 4388 biortuc
1043 4337 1082 4386 dic
1091 4338 1194 4396 Timon,
1212 4335 1253 4384 iux
1268 4337 1393 4403 displicet,
1409 4355 1445 4388 un¹
1452 4340 1558 4390 tenebrae
1568 4341 1635 4404 plus?

972 4423 1028 4472 Pius
1040 4423 1160 4483 tenebrae,
1175 4432 1280 4472 uestrum
1292 4440 1346 4489 pars
1355 4425 1410 4490 quie
1423 4425 1498 4490 major
1510 4425 1544 4474 ibi
1558 4436 1594 4474 cst

1235 4534 1292 4580 318.
1316 4549 1423 4580 reusneri

1202 4592 1208 4601 ι
1263 4621 1293 4671 dc
1306 4621 1395 4674 ecdem.

941 4723 1062 4790 Improbe,
1075 4733 1161 4790 praeier
1171 4723 1222 4780 ubi,
1236 4739 1281 4772 nec
1292 4739 1335 4772 ave
1349 4722 1495 4772 mihidieere
1504 4737 1569 4790 crire.
1608 4709 1615 4720 “

973 4809 998 4861 Si
1011 4818 1039 4858 tu
1053 4825 1103 4858 non
1117 4808 1197 4871 rides,
1210 4807 1256 4859 hoc
1273 4818 1309 4858 σοι
1321 4824 1392 4856 urere
1406 4807 1465 4856 mibi
1476 4815 1520 4855 esi.

1241 4921 1298 4982 319.
1314 4933 1419 4966 incurri.

1260 5006 1290 5058 de
1303 5012 1393 5059 eodem.

863 5117 868 5130 ‘
942 5112 1042 5174 Timon,
1055 5111 1140 5160 umbra
1153 5110 1223 5173 licei,
1236 5109 1298 5159 ierus
1307 5120 1344 5158 est
1360 5125 1367 5159 ι
1381 5118 1407 5158 iu
1417 5107 1505 5172 janitor
1513 5105 1571 5154 Orci

977 5194 1097 5256 Cerbero,
1110 5210 1140 5242 ne
1151 5209 1231 5243 morsu
1247 5202 1270 5242 ic
1282 5201 1347 5256 peirn
1360 5191 1415 5248 iile,
1428 5204 1493 5239 eure.
