3916 5930
274 381 332 442 318

263 509 381 568 obruitur
396 506 495 588 φονίαν,
510 505 662 584 Δαμάτριε,
676 504 770 562 αὐτίκα
784 504 881 583 λόγχαν

303 589 359 655 εἶπε
369 596 411 653 διδ
422 595 540 655 πλατέων
554 593 677 669 ὧσαμένα
688 593 814 669 λαγόνων·

824 374 1077 434 nunnonoona
1099 331 1299 433 ennuunaa

1088 513 1140 577 ipsa
1151 512 1195 562 tibi
1202 513 1307 573 letalem,
1317 509 1438 572 Demetri,
1451 509 1515 560 illico
1525 508 1620 560 hastam

1116 614 1159 664 per
1168 602 1248 664 ampla
1262 600 1360 664 adigens
1369 600 1445 648 latera
1457 599 1520 648 dixit
1532 615 1538 642 ι

264 712 275 736 n
292 683 425 756 Κάτθανε,
442 685 503 758 μηδ’
516 682 597 760 ἐχέτω
612 681 725 760 Σπάρτα
735 679 825 760 ψόγον·
842 683 871 738 οὐ
886 681 937 760 γὰρ
954 682 1040 739 ἐκείνοι
1089 709 1101 732 n
1111 691 1216 750 Morere,
1233 701 1313 751 neque
1323 689 1355 736 sit
1366 689 1457 751 sparteo
1467 687 1640 751 opprobrium
1653 701 1700 736 non
1714 687 1817 738 illaenim

303 799 315 825 ε
331 771 486 848 ἤμπλακεν,
498 774 520 828 εἰ
534 769 632 836 δειλούς
643 769 737 846 τούμὸν
749 769 839 849 ἔθρεψε
851 771 931 847 γάλα.
948 795 960 820 ι

480 909 547 994 nin
570 923 814 998 nausiator.

262 1069 321 1139 Ὧδ’
335 1077 399 1156 ὑπὲρ
411 1075 596 1156 Ἀμόρακίαςθ
612 1074 755 1152 βοαδρόμος
766 1072 853 1130 ἀσπίδ’
869 1073 955 1152 ἀείρας

301 1165 425 1243 τεθνάμεν
439 1165 456 1235 ἢ
469 1163 571 1244 φεύγειν
585 1161 660 1221 εἵλετ’
674 1160 868 1240 Ἀρισταγόρας,

262 1253 313 1320 υίὸς
325 1258 339 1312 θ
351 1252 524 1328 θευπόμπου.
540 1250 586 1320 Μὴ
601 1249 679 1325 θαῦμ’
694 1248 748 1328 ἔχε·
761 1249 874 1327 Δωρικός
885 1247 950 1328 ἀνὴρ

300 1340 439 1420 πατρίδος,
451 1342 500 1419 οὐχ
510 1338 577 1410 ἥόας
588 1337 730 1416 ὀλλυμένας
743 1337 839 1414 ἀλέγει.

479 1506 545 1556 232.
566 1495 818 1556 ΑΝΤΙΠΑΤΡΟΥ.

174 1707 175 1712 ¹
262 1659 357 1718 Λύδιον
373 1650 449 1723 οὐδας
465 1656 520 1737 ἔχει
539 1655 592 1715 τόδ’
608 1655 768 1733 Ἀμύντορα,
784 1653 866 1710 παῖδα
886 1650 1041 1725 Φιλίππου,

301 1746 386 1807 πολλίι
397 1745 527 1823 σιδηρείης
536 1745 612 1825 χερσὶ
624 1742 727 1822 θιγόντα
744 1742 841 1822 μάχης·

261 1833 320 1894 οὐδί
329 1858 372 1909 μιν
383 1832 536 1910 άλγινόεσσα
548 1833 621 1897 νόσος
633 1830 710 1907 δόμον
723 1831 803 1907 ἄγαγε
814 1826 924 1902 Νυκτὸς,

303 1921 360 1982 ἀλλ’
375 1921 442 1982 ὄλετ’
456 1922 521 2002 ἀμφ’
538 1919 623 2002 ἑταίρῳ
635 1918 706 1998 σχὼν
716 1917 875 1978 κυκλόεσσαν
887 1915 954 1974 ἴτυν.

460 2086 529 2138 233.
554 2075 836 2136 ΑΠΟΛΛΩΝΙΔΟΥ.

226 2265 229 2273 ⁴
261 2231 360 2308 Δίλιος,
374 2232 503 2304 Αὐσονίης
514 2237 637 2312 στρατιῆς
647 2232 760 2312 πρόμος,
773 2235 786 2288 θ
800 2229 932 2309 χρυσέοισι

301 2319 435 2398 στίμμασι
446 2320 577 2402 σωρεύσας
595 2321 705 2399 αὐχένας
720 2317 891 2398 ὁπλοφόρους,

261 2413 350 2468 νοῦσον
363 2409 399 2467 ὅτ’
412 2411 447 2476 είς
459 2409 582 2483 πυμάτην
594 2409 720 2467 ὦλίσθανε
732 2408 816 2486 τέρμα
831 2408 855 2462 τ’
866 2405 977 2485 ἄφυκτον
988 2445 1009 2480 ,-

301 2488 366 2556 εἶδεν
381 2497 512 2576 δριστείην
523 2498 625 2576 ἐμφανῆ
640 2500 675 2561 είς
687 2495 767 2568 ἰδίην·

262 2583 328 2656 πῆξε
344 2585 365 2642 δ’
374 2585 425 2644 ύπθ
439 2585 624 2662 σπλάγχνοισιν
635 2583 677 2641 θὀν
692 2583 778 2660 ξίφος,
793 2571 849 2640 εἶπέ
865 2605 893 2640 τε
904 2579 1032 2651 θνήσκων·

304 2698 317 2724 ε
332 2672 413 2738 Αὐτὸς
428 2671 493 2731 ἑκύιν
505 2671 619 2748 ἐδάμην,
636 2669 674 2746 μὴ
689 2669 760 2737 νόσος
775 2661 849 2752 εὐχος
866 2669 926 2749 ἔχῃ.
942 2695 953 2720 ν

342 2837 407 2886 2³4.
432 2824 627 2885 blntllssot
645 2822 975 2883 ΘΕΣΣΑΛΟΝΙΚΕΩΣ.

264 2981 352 3046 Αίλιος
363 2985 377 3039 θ
387 2979 527 3060 θρασύχειρ
540 2975 628 3058 Ἄρεος
641 2981 755 3058 πρόμος,
766 2978 918 3059 θψελιόισας

304 3069 401 3149 αὐχένα
412 3069 575 3147 χρυσοδέτοις
587 3071 616 3126 ἐκ
625 3067 739 3144 πολέμου
754 3065 904 3146 στεφάνοις,

264 3155 396 3232 τηξιμελεῖ
408 3155 491 3235 νούσῳ
505 3155 702 3231 κεκολουμένος,
722 3154 818 3232 ἔδραμε
832 3159 906 3233 θυμῷ

304 3246 330 3310 ἐς
344 3243 470 3322 προτέρην
487 3243 568 3322 ἔργων
580 3244 676 3321 αίρσενα
687 3243 841 3321 μαρτυρίην,
966 3239 1042 3320 [πάιν-

264 3321 315 3392 ίίσε
330 3333 352 3389 δ’
365 3330 415 3390 berb
428 3332 587 3411 σπλάγχνοις
598 3333 683 3390 πλατὺ
697 3332 847 3409 φάσγανον,
867 3329 894 3387 ἓν
909 3328 984 3403 μόνον
1006 3331 1046 3387 εί·-

305 3445 316 3474 a
330 3417 437 3497 Ἄνδρας
451 3417 528 3499 Ἄρης
541 3419 650 3495 κτείνει,
664 3417 819 3496 δειλοτάρους
832 3418 858 3477 δὲ
872 3417 956 3484 νόσος.
973 3442 985 3467 ²

509 3617 566 3664 οθο.
582 3633 667 3666 aarum
685 3633 807 3666 orirerur.

267 3750 364 3801 Amissis
376 3766 430 3800 oum
440 3760 479 3812 te,
491 3751 626 3814 Demetrio,
637 3761 745 3800 censeret
759 3752 841 3809 armis,

299 3837 393 3897 Integra
404 3834 434 3882 de
445 3833 509 3883 bello
521 3833 628 3883 membra
639 3834 729 3884 referre
740 3835 850 3894 doraum,

267 3921 320 3982 Ipsa
332 3931 431 3982 parens,
442 3931 502 3965 saevo
515 3925 555 3964 tua
566 3917 624 3964 dum
637 3916 697 3966 todir
707 3917 749 3965 ilia
762 3916 842 3977 ierro,

299 4001 356 4046 Haeo
369 3997 439 4046 simul
453 3997 477 4046 in
490 3997 568 4046 madio
580 3998 679 4047 vulnere
690 3997 764 4047 verba
775 3999 840 4048 dedit
856 4014 862 4048 :

268 4077 332 4140 Quin
344 4093 451 4138 morere,
465 4086 492 4126 ut
503 4081 587 4144 Spute
599 4079 689 4144 probro
701 4089 768 4128 uacet
780 4096 786 4129 :
800 4080 842 4128 itta
852 4115 859 4140 ,
871 4079 975 4144 fugacem

268 4207 269 4213 ,
301 4160 325 4210 Si
339 4175 391 4210 mea
405 4161 523 4210 lactarunt
534 4160 609 4210 ubera
617 4197 625 4223 ,
635 4161 690 4226 quid
701 4162 797 4227 potuit?
992 4147 996 4163 ¹

556 4305 613 4352 οὐκ.
632 4319 766 4353 nautor-rr.

256 4491 258 4496 ,
270 4430 353 4480 Noliet
362 4430 510 4494 Aristagoras
520 4440 611 4496 tergum
620 4449 674 4481 oum
684 4443 791 4494 vertere,
803 4443 904 4482 mortem

305 4511 407 4573 Maluit,
417 4511 551 4562 Ambraciae
563 4513 625 4562 ferre
635 4514 755 4579 proiectus
769 4531 852 4581 opem,

270 4591 421 4658 Theopompi
430 4592 537 4656 εοθοίεες
547 4610 625 4659 neque
634 4594 724 4645 miror:
735 4595 822 4646 Dorica
833 4598 883 4646 leus
893 4605 938 4656 ost,

304 4679 360 4726 Non
372 4677 447 4743 pluris
458 4677 530 4726 vium
540 4678 637 4728 credere
645 4695 716 4744 quam
724 4680 835 4746 patriam,

568 4825 625 4871 τοι.
645 4825 764 4889 (ποτε.)

273 4960 332 5006 Tam
343 4956 405 5007 bene
414 4957 455 5024 qui
464 4961 534 5009 toties
548 4963 673 5027 pugnavit,
685 4967 817 5031 Amyntore
826 4967 897 5016 tellus

307 5041 372 5106 Lyda
383 5043 455 5107 tegit,
464 5045 583 5102 sobolem,
602 5047 665 5096 clare
677 5048 801 5114 Phiiippe,
811 5059 885 5101 tuam.

274 5125 328 5172 Nou
342 5123 443 5173 domitus
456 5126 556 5189 morbo,
567 5129 606 5176 sed
618 5139 684 5178 scuto
696 5129 790 5179 fortiter
801 5131 892 5180 inertem

1120 797 1131 818 υ
1142 777 1265 840 peccauit,
1277 777 1299 826 si
1306 777 1405 839 ignavos
1417 789 1471 824 mea
1482 775 1544 825 aluit
1556 789 1671 825 memma.
1689 797 1700 819 ν
1778 849 1783 857 Ι

1347 937 1399 981 2³1.
1418 933 1606 982 DAMAGETAE.

1086 1082 1132 1130 Hic
1146 1095 1190 1144 pro
1202 1081 1327 1132 Ambracia
1337 1081 1474 1143 bellicosus,
1489 1084 1590 1130 sautum
1602 1083 1797 1144 quum-sustulit,

1116 1169 1178 1217 mori
1192 1181 1265 1230 quam
1275 1169 1357 1232 sugere
1369 1168 1456 1222 maluit
1470 1168 1637 1232 Aristagoras,

1090 1254 1155 1305 iilius
1165 1255 1323 1320 Theopompi.
1338 1259 1373 1305 Ne
1383 1256 1478 1309 mireris
1490 1279 1495 1305 :
1508 1257 1610 1307 Doricus
1623 1258 1661 1306 vir

1116 1343 1216 1406 patrie,
1230 1357 1279 1393 non
1286 1343 1423 1405 juventutis
1434 1345 1559 1408 pereuntis
1574 1345 1752 1394 euram-babet.

1348 1505 1401 1550 232.
1420 1502 1592 1550 ΑΝΤΙΡΑΤΗΙ.

1085 1667 1187 1730 byrtium
1200 1667 1279 1718 solum
1292 1667 1339 1717 boe
1351 1665 1427 1716 hebet
1437 1669 1602 1728 Amyntorem,
1616 1665 1695 1714 sdium
1704 1665 1808 1729 Philippi,

1118 1757 1257 1818 {requenter
1273 1753 1318 1817 qui
1331 1754 1416 1804 ferree
1430 1767 1516 1804 manus
1525 1752 1634 1802 admovit
1646 1765 1749 1815 pugne:

1086 1859 1165 1910 neque
1174 1859 1232 1896 eum
1245 1844 1362 1896 molestus
1371 1843 1471 1894 morbus
1484 1843 1619 1892 iu-dornum
1632 1841 1732 1892 deduxit
1746 1841 1830 1903 Noctis,

1116 1933 1160 1984 sed
1170 1933 1260 1983 interiit
1270 1935 1399 1996 protegens
1415 1931 1523 1982 sodalem
1543 1929 1763 1980 rotundounnbone
1775 1933 1836 1979 scuti.

1330 2089 1383 2136 233.
1401 2085 1613 2135 arestonius.

1086 2247 1173 2306 AEiius,
1184 2245 1284 2296 Ausonii
1295 2245 1419 2296 exercitus
1432 2245 1558 2309 princeps,
1576 2243 1620 2308 qni
1628 2245 1711 2294 eureis

1117 2333 1212 2382 corollis
1227 2332 1390 2397 (torquibus)
1403 2332 1538 2382 cumularit
1550 2333 1613 2382 solie
1620 2332 1747 2396 armigera,

1087 2419 1200 2468 morbum
1215 2433 1292 2480 quum
1306 2419 1332 2467 in
1341 2419 1457 2470 ultimum
1465 2417 1550 2469 incidit
1563 2419 1686 2481 finemque
1695 2419 1845 2480 ineritebrienr,

1117 2507 1224 2570 respexit
1235 2505 1267 2556 ad
1279 2507 1407 2556 manifesta
1423 2506 1603 2570 opera-virtutis
1611 2520 1674 2568 sue,

1087 2597 1111 2644 et
1124 2595 1178 2644 fixit
1188 2595 1234 2643 sub
1243 2593 1376 2643 visceribus
1386 2607 1468 2643 susem
1478 2607 1566 2656 suurn,
1576 2594 1686 2657 dixitque
1695 2595 1808 2644 moriens:

1124 2704 1135 2726 ιι
1146 2687 1201 2746 lpse
1211 2681 1368 2732 me-irrterieei
1381 2683 1476 2744 sponte,
1487 2695 1518 2732 ne
1528 2682 1628 2732 morbus
1639 2683 1739 2746 gloriam
1746 2684 1848 2734 renutu

1209 2833 1262 2880 tet.
1281 2832 1416 2880 PHILIPPI
1433 2833 1737 2883 Tuassaton'tcsttsrs.

1088 2979 1166 3028 Elius
1175 2979 1216 3029 ille
1229 2979 1437 3032 audax-monibus
1448 2981 1503 3032 belii
1514 2983 1638 3046 princeps,
1648 2985 1691 3045 qui
1701 2984 1772 3034 dnnit

1120 3071 1210 3120 collum
1223 3072 1408 3122 auro-revinctis
1420 3085 1434 3122 e
1444 3085 1525 3137 pugna
1534 3073 1628 3123 oomnis
1638 3075 1805 3138 (torquibus).

1088 3158 1188 3208 tabifico
1200 3160 1285 3209 inorbo
1295 3160 1397 3221 tractus,
1413 3159 1553 3210 decucurrit
1566 3162 1766 3212 animosa-mente

1124 3246 1156 3296 ad
1168 3247 1236 3310 prius
1246 3247 1383 3297 facinorum
1393 3247 1462 3298 virile
1470 3249 1648 3310 testimonium,

1090 3335 1218 3398 adegitque
1225 3335 1270 3385 sub
1277 3336 1414 3386 visceribus
1419 3336 1498 3386 iatum
1509 3350 1601 3399 ensem,
1609 3351 1688 3386 unum
1696 3335 1849 3386 mododiruu:

1123 3443 1134 3465 o
1153 3423 1225 3474 Viros
1236 3426 1301 3472 Mars
1313 3423 1443 3485 intertieit,
1455 3425 1591 3488 ignaviores
1602 3429 1685 3475 autem
1701 3425 1823 3475 morbus.»

1127 3617 1146 3660 Α
1159 3612 1228 3660 soniis
1238 3627 1337 3674 arcens,
1347 3614 1377 3662 nd
1390 3615 1442 3663 ioca
1454 3614 1531 3664 noetis
1540 3614 1600 3665 abit.

1361 3766 1417 3814 add.
1432 3780 1599 3815 anennoeton.

1092 3897 1215 3961 Arnrigero
1228 3899 1314 3948 tulerat
1323 3899 1364 3965 qui
1376 3909 1439 3950 uerte
1447 3901 1488 3950 sed
1497 3917 1570 3950 aurea
1578 3903 1641 3951 coilo

1124 3979 1197 4028 AEiius
1210 3981 1320 4030 Ausoniis
1332 3980 1417 4030 dructor
1428 3981 1453 4031 in
1467 3983 1612 4048 agminibus,

1093 4066 1145 4126 lpse
1155 4078 1209 4111 suos
1221 4073 1299 4113 tantos
1308 4073 1332 4113 et
1340 4074 1377 4115 tot
1388 4066 1492 4130 respexit
1502 4066 1533 4115 ed
1544 4076 1623 4127 actus,

1125 4149 1161 4194 Ex
1172 4146 1256 4196 morbo
1265 4157 1367 4197 mortens
1378 4149 1434 4198 dum
1445 4150 1509 4199 ridet
1520 4166 1570 4199 osse
1581 4166 1657 4216 prope
1669 4167 1676 4200 :

1093 4229 1310 4294 Transadigensque
1321 4246 1364 4278 suo
1378 4230 1442 4280 ferro
1455 4232 1500 4280 sibi
1512 4231 1617 4294 viscera,
1627 4233 1703 4281 dixit:

1036 4313 1040 4320 '
1125 4313 1180 4360 Non
1191 4322 1217 4360 tu
1231 4321 1308 4360 morte
1322 4322 1388 4377 potes
1401 4313 1495 4362 vincere
1507 4329 1559 4376 me,
1571 4315 1612 4363 sed
1626 4330 1678 4378 ego.

1261 4467 1318 4522 234.
1340 4481 1451 4515 aurumi
1468 4483 1701 4524 numinenumine,

1431 4601 1461 4650 de
1473 4601 1545 4652 AElr'o.

1094 4731 1167 4780 AEiius
1179 4733 1317 4796 Argolidum
1332 4745 1421 4797 rector,
1433 4736 1470 4786 cui
1481 4736 1550 4788 tortia
1559 4738 1621 4787 oolla
1676 4778 1680 4786 .

1127 4813 1243 4864 Vinxerat
1254 4833 1284 4864 ex
1295 4834 1354 4866 auro
1365 4819 1440 4868 muita
1453 4836 1541 4870 οσεοοε
1553 4822 1635 4884 grain

1095 4897 1154 4944 Cum
1164 4896 1229 4945 tabes
1238 4898 1319 4948 ederet
1331 4899 1464 4963 languentis
1478 4901 1600 4964 membra,
1614 4903 1716 4952 recurrit

1128 4979 1181 5041 Ipse
1194 4978 1224 5026 ad
1238 4979 1332 5028 virtutis
1344 4981 1404 5030 facta
1419 4982 1499 5047 priora
1510 5000 1571 5046 suae3

1097 5057 1243 5124 lntirumque
1255 5075 1363 5125 premens
1371 5063 1473 5126 giadium
1483 5064 1527 5114 sub
1537 5074 1648 5130 pectore,
1660 5067 1757 5116 elamat:

1130 5142 1222 5190 Occidit
1234 5144 1330 5192 miseros
1340 5146 1436 5195 morbos
1443 5183 1450 5208 ,
1461 5157 1486 5196 et
1497 5163 1563 5197 arana
1577 5147 1649 5198 viros.
