3920 5936
513 483 635 544 untur
655 484 718 544 Vll.
742 483 1020 546 EPIGRAMMATA
1043 486 1313 547 seruientium.

395 630 456 680 673.
478 631 616 679 ΑΔΗΔΟΝ.

112 759 147 816 Ei
159 755 232 834 γένος
243 753 372 814 stretton
387 755 446 824 ζώει
458 755 525 830 μετά
538 755 622 836 τέρμα
635 756 714 834 βίοιο,

113 841 234 902 ναιετάον
250 841 317 900 κατὰ
334 841 428 918 θεσμὸν
442 841 491 902 ἀνά
506 841 593 916 στόμα
608 842 690 922 φωτὸς
706 843 832 918 έκάστου,

113 929 222 1008 Ἀνδρέα
235 975 244 1004 ,
255 928 287 987 σὺ
298 927 384 1002 ζώεις,
396 931 425 988 οὖ
437 929 578 996 κάτθανες·
594 931 661 988 άλλά
677 953 706 988 σε
719 933 804 1010 χῶρος

114 1019 245 1097 άμόροτος
257 1017 391 1078 ἀθανάτων
406 1017 486 1096 ἁγίων
500 1017 625 1078 ὑπέδεκτο
637 1018 766 1094 καμόντα.

356 1169 425 1219 ott.
453 1161 654 1219 annititur.

115 1297 269 1378 Ἀρχιλόχου
285 1298 343 1356 τόδε
357 1300 447 1374 σῆμα,
462 1297 506 1356 τὸν
519 1299 543 1364 ές
560 1301 711 1364 λυσσῶντας
725 1297 834 1376 ῖάμὸους

154 1387 239 1464 ἤγαγε
254 1385 386 1463 Masulis]
402 1389 497 1445 Μοῦσα
511 1387 681 1464 χαριζομένη.

362 1525 431 1576 oto.
453 1518 650 1578 ΛΕΩΝΙΔΟΥ.

114 1655 242 1735 'Arpopog
253 1658 283 1714 ἔκ
297 1653 399 1732 τάμόου
409 1653 455 1714 λύε
471 1654 605 1732 πείσματα
619 1665 755 1733 ναυηγοῐο·

156 1748 251 1822 χήμῶν
263 1745 410 1819 ὀλλυμένων
424 1743 501 1810 ἄλλος
512 1743 655 1822 ῖνηοπόφει.

396 1896 458 1947 676.
476 1900 611 1944 acutos.

114 2028 211 2092 Δοῦλος
229 2025 387 2096 Ἐπίκτητος
403 2025 532 2105 γενόμην,
547 2024 592 2084 καλ
607 2024 675 2101 σῶμ’
689 2025 833 2104 ἀνάπηρος,

154 2114 199 2172 καὶ
215 2113 308 2186 πενίην
321 2103 411 2193 Ἶρος,
427 2112 472 2172 καὶ
485 2112 556 2188 φίλος
568 2111 712 2179 ἀθανάτοις.

321 2241 415 2315 ἰιι
440 2255 658 2344 rtrtnntson

20 2423 24 2434 ·
115 2396 220 2467 Μνῆμα
237 2393 295 2452 τόδε
308 2396 419 2452 κλεινοῖο
434 2392 591 2472 Μεγιστίον,
603 2394 631 2450 όν
647 2415 710 2451 ποτε
726 2396 812 2464 Μῆδοι

154 2481 299 2560 Σπερχειὸν
312 2482 429 2558 ποταμὸν
442 2491 544 2540 κτεῖναν
560 2479 753 2560 ἀμειψάμενοι,

113 2569 232 2643 μάντιος,
245 2568 272 2635 ὃς
286 2569 345 2628 τότε
357 2575 440 2648 κῆρας
452 2567 628 2648 ἐπερχομένας
643 2569 714 2647 σάφα
727 2566 800 2633 εἰδὼς

60 2658 71 2676 ‘
152 2657 200 2714 οὐκ
212 2655 276 2727 ἔτλη
289 2657 415 2736 Σπάρτης
426 2655 555 2735 ἡγεμόνας
568 2657 713 2734 προλιπεῖν.

362 2810 424 2860 678.
444 2811 641 2857 ΔΔΕΣΠΟΤΟΝ.

112 2939 265 3020 Πληρώσας
278 2937 402 3018 στρατιὴν
414 2936 568 3018 Σωτήριχος
582 2938 671 2996 ένθάδε
689 2946 779 3014 κεῖμαι
790 2983 799 3011 ,

110 3025 192 3084 ὀλόον
208 3029 278 3102 ἐμῶν
295 3025 420 3101 καμάτων
432 3028 565 3104 γλυκεροῑς
579 3023 709 3084 τεκέεσσιν
722 3025 811 3092 ἐάσας.

110 3104 200 3191 Ἧρξα
214 3113 236 3170 δ’
252 3115 279 3170 έν
293 3111 435 3189 ίππάεσσι,
447 3112 568 3190 Γερήνιος
583 3105 652 3172 οἶάτε
668 3114 793 3193 Νέστωρ·

112 3200 138 3268 ἐξ
154 3199 252 3258 ἀδίκων
267 3223 295 3258 τε
310 3200 395 3258 πόνων
410 3201 545 3277 κειμήλιον
563 3200 635 3259 οὐδέν
650 3201 751 3269 ἔτευξα.

111 3293 137 3350 Τ
139 3289 235 3348 οὔνεκα
246 3289 291 3347 καλ
306 3290 372 3364 μετὰ
386 3288 486 3366 πότμον
501 3291 553 3366 δρῶ
568 3289 630 3370 φάος
641 3289 809 3358 Οὐλύμποιο.

124 3439 195 3489 679.
218 3431 296 3489 ΤΟΥ
317 3429 429 3489 ΑΓΙθΥ
450 3429 677 3576 ΣχίὲῗΡΟΝΙΟΥ
698 3431 881 3490 ΠΑΤΡΙΑΡ-

111 3683 139 3719 α.
154 3658 266 3736 ’λἰίμόε,
278 3657 341 3729 τίςῆ
352 3657 444 3729 πόθεν,
458 3649 488 3728 ἦν
505 3659 528 3715 δ’
543 3646 658 3724 ἔτιπαῒς
670 3657 753 3734 τίνος,
768 3657 832 3737 ἔργα
848 3658 893 3716 καλ

151 3747 255 3825 νεκρὸς,
265 3746 292 3807 όν
307 3747 376 3806 ένδον
389 3747 468 3826 ἔχεις,
483 3745 591 3821 έννεπε,
607 3745 768 3822 κευθόμινον.
789 3743 892 3825 toton,

409 3917 466 3976 673.
480 3933 591 3966 ιιισεπτι.

145 4031 224 4096 Sipia
237 4045 291 4094 gens
300 4030 424 4080 hominum
438 4040 556 4080 transacto
569 4039 678 4096 tempore
693 4031 745 4079 rite

145 4121 210 4180 Lege
219 4131 287 4164 sacra
298 4115 371 4176 visit,
385 4113 517 4179 volitatque
531 4129 574 4180 per
585 4130 627 4162 ora
639 4113 760 4169 virorum,

147 4200 258 4262 Andros,
270 4209 296 4248 tu
308 4208 372 4249 certe
383 4213 493 4265 superas,
506 4206 530 4246 et
541 4198 596 4246 sede
608 4197 677 4246 beata

146 4282 289 4331 immortale
298 4281 372 4345 agitas
383 4279 469 4330 sanctis
478 4295 531 4328 cum
544 4279 665 4328 mentibus
676 4293 761 4328 rerum.

412 4400 470 4458 674.
490 4411 603 4444 ιοιιιιιαι.

114 4511 281 4564 Archilochus
292 4513 355 4577 jacet
365 4511 414 4561 hic.
433 4515 496 4560 Bene
505 4514 574 4559 Musa
585 4508 680 4558 volebat
693 4512 813 4572 Homero,

147 4596 257 4646 Huncin
271 4595 390 4644 iambeum
404 4610 458 4643 cum
471 4593 567 4641 lurisvit
579 4606 648 4656 opus.

410 4710 468 4768 675.
486 4723 607 4756 secutus.

113 4830 186 4880 Ande
194 4829 225 4878 de
239 4827 332 4877 tumulo
341 4826 457 4876 submersi
466 4825 558 4874 soluere
566 4823 668 4873 tunem:

146 4917 219 4963 Tunc
230 4927 326 4977 quoque
339 4903 394 4960 cuni
403 4909 479 4974 perii,
489 4923 549 4972 quos
558 4921 624 4955 mare
639 4905 725 4962 terret,
739 4915 815 4956 erent.

413 5027 470 5104 6176.
491 5039 606 5083 tucrum,

428 5137 458 5186 de
475 5136 592 5205 Epicteto.

115 5263 204 5310 Servus
218 5259 354 5324 Epictetus,
364 5273 407 5306 nce
419 5253 524 5321 corporis
536 5252 634 5314 integer,
648 5255 686 5298 tro

1655 493 1714 550 t03

1218 635 1272 681 673.
1295 637 1433 680 lucenti.

939 774 965 823 Si
978 788 1054 840 genus
1062 777 1158 841 piorum
1175 779 1236 829 vivit
1249 781 1306 843 post
1317 782 1408 830 metam
1419 780 1492 842 ritae,

939 861 1062 925 habituris,
1075 866 1105 914 ut
1117 866 1154 916 tas
1165 870 1212 928 est,
1226 867 1251 916 in
1262 881 1303 918 ore
1313 868 1359 918 viri
1368 867 1509 931 citiusque,-

939 951 1048 1012 Andrea,
1061 954 1088 1002 tu
1097 953 1175 1014 viris,
1186 967 1233 1003 non
1242 959 1395 1006 rus-mortuus
1411 969 1417 998 τ
1435 956 1479 1006 scd
1491 957 1517 1006 te
1528 955 1594 1018 regio

939 1043 1030 1093 aeterna
1041 1043 1213 1094 immortalium
1228 1047 1367 1096 sanctorum
1382 1046 1475 1110 excepit
1487 1045 1639 1096 defunctum.

1225 1189 1279 1236 s7t.
1295 1189 1433 1238 sustani.

939 1310 1077 1362 Archilochi
1089 1311 1136 1363 ltoc
1149 1313 1301 1376 sepulerum,
1318 1329 1392 1378 quem
1404 1316 1428 1366 in
1446 1316 1544 1366 mutilos
1560 1317 1653 1368 iambos

970 1400 1020 1463 egit
1037 1399 1163 1450 limonium
1176 1403 1246 1464 Musa
1259 1403 1405 1466 gratificans.

1211 1547 1265 1592 675.
1282 1544 1438 1593 Leontem.

939 1673 1104 1738 Imparidusa
1116 1674 1212 1724 tumulo
1226 1673 1293 1724 solve
1308 1674 1378 1724 tunes
1390 1675 1516 1740 naufragi:

971 1775 1017 1812 nos
1030 1759 1250 1825 dum-peribamns,
1261 1762 1324 1812 alius
1337 1763 1553 1814 nare-vehebatur.

1217 1909 1272 1955 676.
1299 1915 1438 1958 tttcmttt.

938 2049 1029 2098 Servus
1040 2048 1165 2112 Epictetus
1175 2048 1224 2110 tui,
1238 2050 1264 2098 et
1279 2060 1369 2112 corpus
1381 2049 1482 2098 truncus

969 2139 995 2189 et
1007 2141 1148 2202 paupertate
1159 2141 1228 2201 Irus,
1243 2141 1269 2190 et
1280 2152 1351 2189 carus
1364 2137 1550 2188 immortalibus.

1205 2285 1259 2332 677.
1278 2281 1449 2332 SlthNlDlS.

938 2422 1122 2470 Monumentum
1134 2419 1182 2470 hoo
1197 2421 1255 2470 clari
1264 2421 1394 2484 megistus,
1412 2435 1487 2485 quem
1501 2422 1558 2471 olim
1574 2423 1638 2472 Medi

968 2507 1110 2572 Sperchium
1123 2507 1215 2559 tlumen
1225 2507 1400 2560 interfecerunt
1405 2510 1564 2574 transgressi,

937 2597 1015 2658 ratis,
1032 2597 1075 2659 qui
1090 2598 1151 2645 tune
1165 2597 1215 2646 tata
1227 2595 1379 2648 imminentia
1390 2598 1454 2647 olore
1466 2598 1546 2647 sciens

968 2698 1016 2734 non
1030 2685 1148 2734 sustinuit
1160 2686 1253 2748 Spartae
1267 2685 1342 2734 ducos
1352 2685 1472 2736 deserere.

1193 2836 1247 2882 678.
1265 2843 1456 2884 Attonitum.

937 2968 1339 3020 Functus-munereeonscrihendi
1362 2968 1485 3019 exereitus
1508 2969 1648 3019 soterichus
1675 2970 1716 3019 hto

855 3101 859 3110 .
937 3071 997 3121 opes
1005 3055 1110 3108 ert-meis
1119 3057 1243 3106 laboribus
1251 3055 1364 3106 aucuns
1372 3056 1454 3106 liberis
1462 3056 1609 3119 relinqmns.
1625 3057 1713 3120 tiemo,

938 3146 1028 3197 Praeiui
1041 3147 1123 3196 autem
1138 3145 1202 3196 inter
1215 3145 1326 3208 equites,
1339 3145 1458 3196 Geranios
1468 3145 1532 3195 sicut
1543 3148 1644 3204 lieston,

937 3248 969 3284 ex
987 3234 1133 3298 injustisque
1141 3233 1256 3297 operibus
1268 3232 1410 3284 thesaurum
1420 3233 1514 3284 nullum
1527 3233 1618 3296 quamsi.

938 3323 1089 3386 Quapropter
1100 3323 1125 3372 et
1136 3323 1192 3384 post
1204 3323 1308 3370 mortem
1320 3321 1430 3384 adspicio
1439 3321 1520 3370 lunren
1534 3322 1637 3385 Olympi.

1029 3468 1082 3515 ets.
1100 3464 1210 3513 saucTt
1230 3464 1396 3514 sorttuomt
1415 3463 1625 3512 Patuntttcttm.

1517 3577 1607 3641 [opera
1619 3579 1644 3628 et
1656 3591 1715 3640 opes

938 3679 965 3715 o.
972 3667 1085 3726 Tumnle,
1094 3666 1150 3730 quis
1159 3669 1203 3716 aut
1214 3665 1279 3717 unde
1287 3705 1294 3728 ‚
1302 3665 1383 3716 adhue
1394 3679 1454 3729 puer
1464 3666 1533 3729 cujus
1542 3665 1623 3724 tuerit,
1631 3665 1717 3728 quatis

968 3756 1093 3815 mortuus,
1103 3768 1178 3818 quem
1191 3755 1258 3804 intus
1269 3753 1357 3815 habes,
1372 3753 1492 3814 edissere,
1504 3751 1638 3802 eonditum.

972 3917 1104 3982 Pauperior
1117 3932 1124 3966 ι
1138 3915 1178 3965 sed
1192 3916 1235 3966 Dis
1246 3917 1280 3966 sic
1292 3933 1387 3983 quoque
1397 3933 1465 3966 carus
1477 3931 1551 3965 eram.

1219 4069 1278 4128 677.
1293 4083 1434 4127 ιιιιοιιιινπ,

1211 4204 1279 4274 opud
1289 4204 1445 4256 Herodotum.

940 4341 989 4404 Qui
998 4342 1062 4406 jacet
1070 4339 1126 4402 hie,
1137 4339 1221 4389 cecidit
1233 4343 1343 4390 Mavorte
1357 4341 1468 4405 Megistia
1479 4340 1565 4402 Medo,

973 4427 1033 4475 Cum
1044 4435 1109 4474 trans
1122 4422 1230 4490 Sperchii
1245 4423 1360 4474 barbarus
1373 4425 1416 4473 ivit
1427 4439 1500 4490 aqum
1513 4439 1519 4472 :

944 4512 1097 4574 Quamqusm
1109 4507 1205 4557 fatidica
1216 4508 1329 4558 comebat
1343 4517 1423 4558 mente
1435 4509 1554 4570 futurum,

973 4592 1058 4641 Noluit
1067 4592 1108 4641 ille
1116 4599 1169 4640 tuos
1179 4591 1303 4656 linquere,
1317 4595 1418 4658 Sparta,
1431 4591 1511 4640 duces.

1220 4748 1277 4824 67φ.
1294 4759 1440 4806 sornnontr,

1131 4881 1277 4932 Parrtarctoe
1292 4881 1524 4946 Hierosolymorum,

1019 5023 1043 5070 t'n
1057 5032 1230 5070 monumentum
1241 5017 1358 5067 Iohannis
1364 5001 1379 5074 ,i
1388 5021 1460 5081 Paper
1477 5009 1644 5062 Alexandrini.

943 5159 989 5208 Dic
1001 5155 1060 5206 mihi
1070 5194 1077 5220 ,
1089 5155 1157 5220 quis,
1171 5155 1248 5219 cujas,
1262 5169 1310 5217 quo
1327 5159 1435 5216 promtus
1450 5148 1504 5206 illc,
1518 5144 1574 5209 quid
1586 5143 1647 5207 egit,

977 5241 1071 5307 Quidve
1085 5240 1183 5299 hahuit,
1198 5239 1302 5287 clausum
1315 5251 1384 5300 quem
1397 5231 1454 5294 tegis
1466 5229 1519 5290 ltin,
1531 5228 1639 5278 tunrule?

1588 5319 1618 5362 91
