3916 5930
476 439 599 502 CAPUT
620 442 682 500 Vll.
706 439 984 500 EPIGRAMMATA
1005 440 1275 502 seruientem.

111 574 244 650 δειμαίνω
260 573 361 650 μεθύων
376 573 491 651 ἀτραπόν
510 572 606 644 θετίην.

311 724 379 774 399.
404 717 622 776 ΑΝΤΙΦΙΛΟΥ.

67 858 218 928 Τηλστοίτω
232 855 360 935 χεύασθαι
375 853 425 912 ἔδει
439 853 519 933 τόφον
534 854 677 913 Οἰδιπόδαο

109 945 203 1002 παισὶν
216 947 263 1002 ἀπ’
281 943 416 1012 ἀλλήλων,
431 933 468 1008 οἷς
480 941 561 1018 πέρας
574 943 625 999 οὐδ’
639 935 734 1007 Ἀίδας·

71 1033 141 1091 ἀλλὰ
156 1033 202 1089 καλ
218 1035 253 1097 είς
268 1031 414 1109 Ἀχέροντος
425 1029 471 1086 ἕνα
487 1029 564 1086 πλόον
580 1029 745 1105 ἠρνήσαντο,

111 1122 155 1198 χώ
170 1119 292 1196 στυγερὸς
304 1117 363 1187 ζώει
376 1120 425 1188 κήν
436 1117 593 1196 φθιμένοισιν
607 1115 694 1194 Ἄρης.

72 1207 162 1268 Ἰίνίδε
173 1211 302 1284 πυρκαϊῆς
315 1206 402 1264 ἄνισον
415 1205 512 1284 φλόγα·
525 1205 648 1278 ὀαιομένα
659 1205 709 1283 γόιρ

113 1295 139 1363 ἐξ
154 1297 209 1361 ἑνὸς
221 1297 256 1360 εἰς
271 1293 362 1352 δισσόιν
373 1295 444 1371 δῆριν
460 1293 662 1370 ἀποστρέφεται.

150 1447 216 1496 400.
235 1435 480 1530 xliiassllip'ox
500 1434 778 1493 antisteterunt

73 1581 153 1640 Τοῦτ’
169 1582 259 1638 ὀστεῦν
274 1576 356 1655 φωτὸς
373 1573 537 1652 πολυεργέος.
559 1565 596 1634 Ἦ
612 1573 643 1655 pri
657 1563 695 1640 τις
709 1563 776 1645 ἦσθα,

88 1671 95 1688 “
115 1667 244 1744 ἔμπορος,
260 1664 277 1734 ἢ
291 1665 386 1743 τυφλοῦ
404 1655 519 1738 κύματος
535 1663 677 1740 ίχθυόόλσς.

74 1753 211 1831 ’λγγειλσν
226 1753 353 1820 θνητοῖσιν
370 1755 409 1809 ὅτι
425 1751 577 1817 σπεύδοντες
593 1753 618 1816 ἐς
633 1751 713 1816 ἄλλας
798 1769 800 1776 ’

115 1843 224 1908 ἐλπίδας
238 1842 273 1906 εἰς
284 1839 355 1911 τοίην
367 1839 460 1898 ἐλπίδα
471 1838 596 1914 λυύμεθα.

295 1993 362 2040 nol.
388 1981 638 2042 rernnl'oeol.

78 2121 158 2193 Τήνδ
175 2121 226 2179 bnis
239 2120 371 2178 δύσόυιλον
388 2119 470 2178 θλίόει
481 2121 562 2199 χθόνα
578 2121 659 2200 φιοτδς
673 2122 777 2200 ὀλιτρόύ

117 2209 196 2268 ὀστέα
215 2213 327 2284 μισητῆς
338 2209 438 2284 τύμόος
451 2209 516 2288 ίιπέρ
530 2213 657 2289 κεφαλῆς,

79 2299 171 2378 στέρνα
186 2299 207 2354 τ’
221 2297 401 2375 ἐπακριόεντα,
416 2299 461 2356 καὶ
475 2300 520 2356 οὐκ
531 2298 637 2373 εὔοδμον
649 2296 758 2358 ὀδόντων

117 2385 228 2462 πρίονα,
242 2383 287 2442 καλ
303 2383 395 2442 κόιλων
411 2385 510 2443 δούλιον
523 2385 659 2457 riceii-nu,

80 2474 175 2550 ὀτριχα
193 2475 237 2530 καὶ
252 2471 363 2548 κόρσην,
376 2473 513 2532 Εὐνικίδσυ
528 2475 686 2551 ἡμιπύρωτα

117 2561 233 2639 λείψαν’,
248 2561 285 2620 ἔτι
296 2562 399 2638 χλοερῆς
414 2560 517 2637 ἔμπλεα
532 2561 676 2631 τηκεδόνος.

80 2647 159 2707 Χθὼν
173 2637 195 2705 ὦ
208 2646 400 2726 δυσνύμφευτε,
413 2651 589 2721 κακοσκήνευς
601 2651 644 2708 ἐπὶ
656 2651 749 2729 τέφρης

118 2736 210 2812 ἀνδρὸς
231 2734 268 2809 μὴ
284 2735 368 2814 κούφη
384 2737 505 2812 κέκλιτο,
521 2737 584 2815 μηδί
597 2737 680 2814 ὀλίγη.

296 2885 365 2936 ιοι.
385 2849 645 2937 ἰιιτιιιιιυυι·.

81 3025 222 3102 Χειμερίσυ
236 3030 347 3102 νιφετοῖο
361 3020 421 3099 περὶ
439 3024 564 3096 θριγκοῖσι
578 3017 701 3080 τακέντος

120 3117 196 3190 δῶμα
209 3100 289 3169 πεσόν
304 3109 352 3180 τὴν
365 3113 445 3186 γραῦν
461 3107 550 3164 ἔκτανε
562 3103 721 3175 Λυσιδίκην·

82 3205 154 3278 σῆμα
171 3200 199 3258 δέ
214 3203 238 3257 σί
253 3203 376 3274 κυιμῆτοιι
390 3195 526 3272 ὁμώλακες
541 3195 587 3251 οὐκ
602 3193 648 3250 ἀπ’
663 3195 773 3271 ὀρυκτῆς

120 3289 212 3366 γαίης,
229 3289 286 3347 ἀλλ’
296 3291 371 3346 αὐτὸν
387 3284 485 3362 πύργον
495 3283 580 3340 ἔθεντο
590 3283 681 3360 τύφου.

203 3440 270 3490 403.
296 3427 453 3488 Maeror
474 3423 750 3483 ΑΡΓΕΝΤΑΡΙΟΥ.

83 3573 208 3639 Ψύλλος,
223 3573 237 3626 ὁ
250 3569 296 3635 τὰς
309 3566 415 3633 ποθινόις
427 3563 591 3640 ἔπιμισθίδας
606 3561 659 3620 αἰὲν
680 3563 783 3640 ἑταίρας

121 3659 235 3734 πέμπων
251 3657 275 3720 ἐς
289 3655 322 3714 cir
337 3653 399 3712 νέιον
413 3652 477 3723 ἡδέα
489 3637 638 3726 συμπόύια,

84 3739 155 3812 οὗτος
169 3745 311 3822 δθηρεύων
326 3741 522 3822 σἰταλόφρονας,
537 3741 626 3798 ἐνθάδε
640 3747 744 3814 κεῖται,

123 3833 233 3916 αἰσχρὸν
249 3834 295 3890 ἀπ’
310 3830 452 3910 ἀνθρώπων
468 3831 559 3905 μισθὸν
574 3831 752 3905 ἐνεγκάμενος.

84 3923 164 3982 Ἀλλδ
180 3921 266 3986 λίθους
280 3921 322 3979 ἐπὶ
336 3918 451 3996 τύμόσν,
464 3917 594 3994 ὁδοιπόρε,
609 3917 676 3992 μήτε
691 3913 721 3974 σὺ
737 3915 830 3992 βάλλε,

122 4011 188 4087 μήτ’
205 4010 284 4067 ἄλλον
296 4009 400 4086 πείσῃς·
417 4013 491 4082 σῆμα
501 4005 610 4082 λέλογχε
624 4005 705 4069 νέκυς.

87 4103 189 4160 beram
202 4099 226 4155 δ’
240 4099 289 4176 οὐχ
299 4096 338 4154 ὅτι
352 4095 441 4174 κέρδος
456 4093 597 4172 ἐπῄνεσεν,
614 4091 672 4149 ἀλλ’
686 4090 726 4149 ὅτι
740 4089 826 4155 κοινδις

1618 439 1676 498 dle

929 579 1015 628 timeat
1027 581 1109 629 ebrius
1120 581 1184 630 riam
1196 578 1424 642 pluria-madidam.

1171 728 1224 774 399.
1244 721 1412 770 nbrlrllltl.

900 869 1066 918 Remotissime
1080 877 1192 927 aggerare
1205 862 1331 926 oportebat
1340 862 1462 912 tumulum
1473 860 1556 924 OEdipi

931 953 1011 1016 pueris
1024 951 1092 1000 alteri
1106 951 1242 1008 ab-alter0‚
1257 949 1346 1011 quibus
1355 949 1410 998 sanis
1421 949 1621 998 inimicitiarum
1633 959 1677 994 nec

900 1041 943 1090 sed
952 1040 990 1089 rel
1000 1031 1025 1088 iri
1035 1039 1195 1088 Acherontem
1208 1031 1258 1086 una
1268 1037 1379 1100 navigare
1390 1038 1545 1096 recusarunt,
1555 1035 1646 1098 [Oreus
1656 1053 1662 1094 ;

931 1131 955 1178 et
968 1128 1059 1177 invisus
1073 1127 1134 1176 ririt
1148 1126 1221 1176 etiam
1231 1125 1257 1174 in
1270 1125 1396 1174 exstinctis
1405 1127 1478 1174 blare.

900 1217 962 1264 Ecce
973 1227 1038 1276 pyrre
1049 1213 1170 1276 disparem
1181 1212 1314 1260 ilammam!
1330 1223 1445 1260 succensa
1456 1211 1520 1259 enim

931 1316 962 1356 err
977 1315 1097 1364 unoropo
1111 1301 1135 1349 in
1150 1300 1212 1350 duas
1224 1299 1425 1362 partes-rixantes
1434 1301 1459 1348 et
1469 1297 1638 1348 aversas-abit.

875 1344 882 1478 i
1047 1447 1101 1492 400.
1120 1442 1302 1490 sienneloa'ls
1318 1441 1532 1488 maxsumum.

901 1585 983 1632 Hocca
997 1596 1026 1631 os
1037 1581 1083 1630 riri
1094 1579 1215 1630 laboriosi.
1249 1581 1310 1627 Sane
1321 1577 1420 1640 quidam
1430 1591 1484 1626 eras

931 1672 1114 1730 mercatorem
1129 1669 1200 1717 caecis
1212 1664 1369 1716 m-iluctibus
1382 1665 1495 1728 piscator.

900 1757 1148 1818 succlamantibus
1161 1769 1217 1814 nos,
1235 1755 1377 1804 festinantes
1391 1753 1416 1802 in,
1429 1753 1489 1802 alias

932 1861 1002 1911 spes,
1017 1847 1041 1895 in
1054 1847 1127 1896 talem
1138 1859 1206 1908 spem
1217 1857 1304 1893 enarres
1313 1841 1514 1892 tandemdeierri.

1158 1989 1212 2034 toi.
1230 1985 1425 2033 CRlNAGORAE.

903 2132 953 2178 liae
967 2127 1014 2178 sub
1027 2125 1163 2177 inloecunda
1174 2126 1262 2190 premit
1277 2129 1342 2175 terra
1354 2123 1458 2173 hominis
1467 2121 1561 2207 scelesti

933 2231 989 2267 ossa
1000 2216 1085 2266 odioso
1096 2215 1210 2264 tumulus
1224 2225 1298 2276 super
1311 2211 1403 2274 eapite,

877 2305 881 2360 i
901 2299 1048 2370 pectoraque
1057 2306 1213 2368 confragosa,
1226 2305 1251 2352 et
1259 2317 1307 2351 non
1322 2301 1496 2350 beneolentem
1509 2295 1619 2350 dentium

934 2407 1040 2451 serram,
1056 2394 1081 2441 et
1092 2404 1190 2440 crurum
1205 2389 1317 2438 servilem
1333 2387 1488 2450 compedem,
1570 2447 1574 2458 Ι

878 2501 881 2526 ι
903 2480 1035 2543 depilatum
1048 2482 1072 2528 et
1082 2481 1166 2540 caput,
1180 2475 1305 2525 Eunicidaa
1319 2475 1500 2526 semiustulatas

835 2625 836 2628 γ
933 2567 1060 2630 reliquias,
1075 2565 1156 2616 adhuc
1167 2563 1295 2614 viridantis
1310 2563 1393 2626 plenas
1406 2562 1548 2626 putredinis.

876 2649 882 2730 Ι
902 2661 976 2708 Terra
985 2674 1000 2706 o
1009 2656 1239 2718 meledesponsata,
1251 2653 1480 2715 dciormis-eorpore
1491 2665 1564 2715 super
1578 2652 1683 2703 sarfllam

876 2739 880 2824 γ
935 2745 980 2792 riri
990 2757 1020 2792 ne
1032 2743 1094 2792 levis
1104 2740 1243 2798 incumbas,
1260 2753 1307 2788 neu
1317 2739 1419 2788 modica.

1169 2882 1223 2927 402.
1241 2879 1419 2928 ANTlPATRl.

906 3021 1011 3070 Hiberna
1026 3020 1081 3069 nive
1097 3019 1160 3069 cirea
1170 3020 1397 3082 summos-parietes
1408 3017 1485 3068 diluta
1495 3068 1498 3075 ,

878 3153 882 3172 ,
937 3109 1026 3158 domus
1039 3108 1106 3171 lapsa
1117 3121 1190 3156 anum
1203 3107 1292 3156 occidit
1302 3107 1440 3169 Lysidicem

907 3200 1140 3258 monumentumque
1149 3197 1172 3245 ei
1184 3196 1335 3258 pagi-incolae
1347 3195 1420 3244 ricini
1431 3209 1479 3244 non
1487 3209 1515 3244 ex
1525 3196 1618 3245 essessa
1699 3229 1708 3246 .

938 3288 1016 3346 terra,
1027 3284 1070 3333 sed
1088 3284 1164 3347 ipsam
1179 3283 1266 3333 turrim
1281 3285 1416 3345 posuerunt
1428 3283 1560 3332 tumulum.

1100 3425 1155 3471 403.
1172 3423 1271 3471 linae!
1289 3423 1484 3471 ARGENTARII.

880 3545 884 3674 j
906 3564 1015 3628 Psyllus,
1031 3565 1075 3625 qui
1086 3565 1209 3626 exoptaias
1223 3561 1358 3611 meritorias
1366 3575 1461 3624 semper
1473 3563 1562 3612 amicas

881 3681 884 3707 .
939 3652 1050 3701 mittebat
1061 3651 1085 3712 in
1096 3652 1215 3714 juranum
1229 3650 1309 3699 dulcia
1318 3651 1443 3710 conriria3

881 3712 885 3812 Ι
908 3740 948 3789 lric
963 3741 1006 3802 qui
1018 3739 1153 3788 venabatur
1164 3737 1477 3800 infirma-mente·puellas,
1489 3737 1618 3799 blcsjacet.

882 3819 885 3832 '
939 3834 1038 3890 turpem
1049 3827 1080 3876 ab
1089 3826 1230 3875 lrorrrinibus
1239 3825 1375 3874 mercedem
1389 3824 1501 3887 adeptus.

882 3927 886 3971 Ι
910 3917 956 3966 Sed
970 3916 1062 3979 lapides
1075 3915 1099 3963 in
1110 3913 1243 3974 tumulum,
1254 3913 1340 3976 viator,
1351 3925 1429 3975 neque
1438 3915 1466 3961 tu
1479 3911 1561 3970 mitte,
1603 3912 1685 3976 [tuus.

940 4018 1020 4066 neque
1035 4001 1215 4052 sis-auctoralii
1232 4002 1437 4050 :monumentum
1453 4001 1606 4050 sortitus-est
1621 4013 1686 4048 mor-

911 4099 986 4144 Parce
999 4107 1046 4142 non
1058 4092 1123 4155 quod
1133 4091 1231 4140 lucrum
1245 4089 1505 4154 clamantemque
1514 4103 1657 4138 communes

87 4189 1665 4224 ffl—ffl-“n————a————-—————
1673 4187 1686 4204 1

114 4265 234 4331 Quisquis
247 4280 281 4326 οε,
294 4280 350 4328 ergo
360 4264 409 4312 rias
419 4262 499 4311 ebrius
513 4262 548 4310 ire
560 4259 630 4309 time·

269 4397 327 4442 too.
345 4401 482 4434 ειιιιιειοιιιε
495 4389 682 4432 ιιιιιτιινοιιιιιι.Ι

84 4521 136 4566 llec
153 4517 222 4580 cujus
235 4513 281 4562 luit
294 4517 339 4562 os?
357 4511 393 4560 rir
404 4527 456 4560 eras
468 4518 526 4574 pulo
539 4508 622 4556 tallere
632 4508 706 4572 pisces

116 4597 239 4664 Impiger,
256 4605 296 4644 aut
308 4593 409 4658 graridae
420 4592 523 4640 vendere
534 4589 599 4638 naris
608 4605 676 4637 omrs.

84 4681 128 4731 Die
138 4679 212 4744 igitur
221 4675 326 4736 cunctis,
337 4675 406 4724 nobis
414 4689 466 4738 spes
475 4687 570 4734 surgere
580 4671 679 4728 multam

119 4770 209 4814 Nostra
219 4762 259 4810 sed
271 4759 313 4808 has
324 4759 350 4808 in
364 4773 416 4823 spes
427 4755 507 4804 omnia
518 4751 634 4802 desinere.

364 4890 420 4937 tor.
439 4894 592 4926 οιιιιιισοιικε.

86 5019 139 5064 Hac
151 5012 239 5062 tumuli
252 5011 296 5058 snb
309 5009 372 5058 mole
384 5007 429 5055 riri
447 5003 534 5070 premit
547 5018 597 5051 ossa
610 5001 705 5051 nefandi

120 5094 210 5145 lnielix
220 5094 306 5152 tellus,
320 5101 344 5140 et
354 5089 440 5139 furiale
451 5095 536 5150 caput;

87 5183 185 5242 Corque
196 5177 264 5224 dolos
276 5175 367 5240 spirans
376 5182 399 5221 el
409 5187 486 5219 serras
501 5168 549 5217 oris
563 5166 649 5214 olentis

124 5261 259 5323 Vinclaque
272 5257 369 5305 ser-siles
380 5271 432 5320 quaa
440 5264 537 5304 tenuere
549 5250 631 5316 pedes,

868 4237 873 4250 ⁸
887 4253 892 4330 1
912 4253 1055 4316 Οιιλιειιιιφιισ
1064 4251 1171 4300 Eunidici
1183 4249 1295 4316 tripilem,
1306 4249 1441 4313 detritaque
1457 4247 1563 4296 membra

888 4335 892 4344 '
944 4339 966 4383 Α
980 4333 1059 4392 θείοιο,
1073 4349 1125 4398 qua·
1138 4331 1209 4380 viridi
1224 4347 1287 4380 nunc
1302 4347 1397 4396 quoque
1411 4330 1465 4378 labe
1474 4328 1561 4377 ssuunt.

913 4423 945 4468 Δῑ
955 4427 981 4466 tu
993 4435 1045 4482 quoe
1055 4417 1116 4466 ledo
1124 4416 1216 4465 cineres
1224 4415 1253 4463 de
1267 4429 1368 4479 corpore
1380 4428 1473 4470 serras,

945 4504 997 4552 Nec
1006 4517 1079 4568 parra
1090 4500 1201 4566 impeude
1211 4507 1288 4557 terra,
1301 4513 1345 4546 uec
1357 4506 1407 4546 esto
1416 4495 1482 4544 leris.

890 4585 894 4612 Ι

1136 4619 1194 4675 4ο3.
1213 4633 1290 4665 ιιειιισι
1308 4630 1469 4663 κιιυιιιτιιιιι.

913 4741 1005 4812 Psyllos
1014 4737 1138 4787 amatrices
1155 4737 1225 4786 toties
1236 4735 1482 4802 quimiseratcmptas

948 4825 985 4874 Ad
996 4823 1110 4888 juvenum
1123 4820 1178 4870 νίιιο
1193 4820 1246 4868 laeta
1258 4817 1380 4876 sodalitia,

916 4907 962 4956 llic
973 4907 1046 4972 jacet,
1060 4905 1166 4952 incautas
1175 4901 1216 4966 qui
1230 4897 1425 4966 circumscribere
1437 4905 1527 4944 menies

892 4967 896 5033 1
949 4994 1038 5046 Norat,
1049 4997 1073 5037 et
1086 4987 1144 5036 inde
1152 4986 1246 5034 lucrum
1264 4993 1334 5048 turpe
1347 4995 1431 5046 parare
1440 4975 1496 5026 sibi.

893 5086 897 5138 ζ
917 5079 1045 5126 Ne'tarnen
1063 5073 1087 5120 in
1102 5071 1219 5119 lunrulum
1232 5067 1320 5133 lapides
1329 5065 1451 5130 jacrrlare,
1464 5060 1549 5116 rintor,

951 5160 1001 5207 Nec
1015 5154 1066 5204 fieri
1074 5135 1156 5218 jubeas'
1165 5166 1171 5199 ι
1181 5167 1219 5198 res
1231 5146 1361 5197 reserenda
1371 5143 1439 5194 cinis.

919 5247 990 5292 Parce
1004 5253 1074 5302 rogo;
1088 5243 1203 5300 quaestum
1222 5230 1293 5279 iecit:
1308 5227 1349 5277 sed
1363 5223 1458 5292 publica
1470 5221 1578 5288 praeirem
