3920 5936
256 447 315 506 HS

247 587 321 632 ιιρον,
338 571 410 620 etiam
423 571 561 632 Hectoras,
580 583 730 634 quamquam
743 569 805 620 bene
823 571 864 620 ille
884 571 1032 634 explicans:
1052 571 1056 596 ¹

249 661 260 684 ιι
272 645 300 692 tu
309 643 366 692 lieet
381 641 476 706 Epheso
491 655 538 690 uon
558 641 691 700 oriundus,
705 642 808 690 sortasse
828 643 938 704 graviora
951 642 1027 692 etiam

247 713 375 764 maledicta
384 713 468 762 audies
478 712 508 761 iis
517 712 607 774 quibus
620 712 692 762 virus
703 711 769 760 eires
780 711 898 761 lacessivi.
912 733 923 756 ι
939 713 1027 762 blaine-

250 785 304 834 lios
317 784 420 846 denique
435 786 515 834 totum
532 782 679 846 epigramma
701 783 736 832 sio
753 783 918 832 constituebas
936 797 961 847 p.
983 787 1026 832 172

246 867 314 916 seqq.
331 875 337 904 ²

278 995 302 1026 α.
316 976 442 1039 Ὠνδρωνέ,
455 975 603 1037 Ἡράκλειτος
618 975 665 1037 ἐγὼ
674 976 735 1036 σορὰ
745 981 828 1038 μόδιος
838 975 947 1036 ἀνενροίν.

309 1051 332 1106 β.
343 1047 418 1106 Φημί.
429 1064 453 1094 α.
468 1049 487 1094 Τ
488 1047 503 1094 ὰ
513 1047 534 1094 δ’
548 1047 570 1102 ές
580 1045 667 1109 πάτρην
677 1047 791 1107 κρέσσονα
799 1047 839 1094 καὶ
849 1048 938 1105 σορίης.

827 439 1081 502 ANTHOLoone
1103 439 1303 500 PALATlNAE

1108 573 1219 620 LXXXV.
1232 573 1331 620 Lemma
1342 584 1348 612 2
1363 573 1395 626 εἰς
1412 573 1451 620 τὸν
1467 571 1545 621 αὐτόν.
1558 573 1613 621 Ὀτι
1628 572 1651 620 ἐν
1664 569 1751 635 θεότρίρ
1763 573 1858 629 τέθνηκε

1078 643 1163 698 θαλῆς.
1178 661 1190 683 ιι
1204 643 1248 690 list
1260 655 1407 702 anonymum
1420 641 1445 690 in
1458 641 1547 692 Codice
1559 645 1585 691 et
1594 641 1726 696 Planudea.
1744 642 1792 691 Sed
1805 643 1859 690 Dio

1077 725 1150 774 gerres
1160 714 1239 762 Laert.
1257 715 1277 772 Ι,
1292 717 1335 771 39,
1355 724 1382 760 se
1401 713 1525 761 auctorem
1539 723 1594 760 esse
1610 711 1652 760 ait.
1675 731 1686 753 ι
1705 711 1735 760 D.
1755 738 1787 747 -
1802 718 1810 760 ι
1829 711 1858 759 αὖ

1076 781 1232 839 emender,
1245 781 1355 832 additum
1364 795 1395 830 er
1408 782 1473 830 Plan.
1487 785 1512 830 et
1519 782 1598 842 Diog,
1609 781 1635 830 in
1644 782 1714 844 cujus
1725 785 1859 842 Παμμέτρῳ

1076 849 1231 902 hauddubie
1245 852 1392 902 referebatur
1403 851 1435 901 ad
1452 852 1592 914 praeoedens
1601 851 1700 915 aliquod
1710 853 1859 916 epigramma

1077 923 1135 972 item
1149 937 1180 972 err
1191 915 1292 972 historia
1306 921 1413 972 Thaletis
1427 922 1540 985 petitum.
1562 922 1654 972 Deinde
1666 922 1742 971 Ἠλεῖε
1761 927 1806 971 Ζεῦ
1816 937 1856 984 ep.

1077 994 1146 1057 Diog.
1164 995 1205 1056 (et
1217 993 1293 1054 Plan,
1307 995 1335 1043 ut
1348 992 1470 1054 ridetur),
1490 991 1557 1054 quod
1571 993 1623 1042 sine
1637 993 1803 1041 uootrorersia
1817 1006 1859 1040 re-

1077 1076 1145 1122 rum,
1162 1075 1310 1126 quamquam
1330 1064 1382 1111 lae.
1397 1063 1459 1120 ἠέλιε
1479 1061 1504 1110 in
1527 1065 1722 1124 nostroquoque
1743 1062 1857 1124 exemplo

279 1120 302 1180 β.
315 1119 369 1172 ΙΙόξ.
378 1133 401 1165 α.
409 1117 478 1178 Παρὰ
485 1117 565 1178 καιρὸν
574 1117 735 1172 retorserat,
743 1117 798 1176 ξένε,
806 1117 934 1180 δύσφρονος
946 1115 1027 1176 ἄνδρας
1077 1137 1161 1184 tuetur
1173 1137 1199 1183 eg
1207 1133 1284 1184 301⁸&
1298 1134 1388 1183 ,εὶ-,ιγ’
1398 1137 1454 1181 ..3
1465 1133 1480 1191 ἢ
1492 1133 1536 1195 γὰρ
1547 1131 1607 1182 (γορι

311 1186 430 1236 ostano.
444 1187 467 1248 β.
480 1185 582 1246 Λαμπρὰ
592 1186 753 1246 θριψιιμένοισι
762 1185 835 1248 χάρις.

249 1276 273 1306 α.
284 1259 334 1307 Οὐκ
349 1257 388 1306 ἀπ’
395 1255 498 1318 Ιμιῡςβ.
509 1257 549 1313 biri
559 1255 651 1318 τρηχύς·
665 1256 715 1302 insi
723 1255 785 1319 τάχα
796 1257 835 1304 καλ
848 1255 877 1304 σύ
891 1256 998 1316 τιπεύση
1053 1268 1055 1308 ῑ
1108 1261 1229 1308 mxlii,
1246 1261 1346 1308 Lemma
1362 1259 1415 1313 ael<
1432 1256 1534 1306 Σόλωνα.
1549 1257 1642 1306 lterum
1660 1255 1750 1320 legitur
1767 1254 1794 1304 in
1806 1268 1858 1318 cap.

244 1339 247 1349 ¹
311 1327 448 1390 τρηχότερον
461 1325 547 1390 πάτρης
559 1352 590 1361 -
600 1329 666 1389 χαῖρε
675 1327 705 1374 σὺ
715 1325 775 1374 δ’-
784 1327 807 1382 ἐξ
820 1327 919 1388 Ἐρέσου
929 1363 937 1388 ,

1078 1333 1119 1392 ΙΧ,
1132 1333 1188 1394 post
1197 1330 1270 1394 epigr.
1291 1335 1335 1381 595
1349 1327 1508 1392 (ubilemma
1523 1339 1578 1376 esse
1591 1326 1690 1376 ridetur
1706 1347 1712 1376 ι
1730 1329 1762 1382 εἰς
1780 1328 1859 1376 etate

1053 1395 1055 1456 ί
1078 1404 1191 1462 Σόλωνος,
1201 1401 1247 1450 nisi
1255 1399 1323 1450 linxit
1331 1399 1407 1449 eous.
1418 1411 1446 1447 ex
1459 1397 1541 1446 verbis
1549 1396 1663 1459 Diogenis
1678 1399 1735 1446 :ert
1746 1403 1789 1455 τῆς
1804 1399 1859 1446 eiad

252 1481 324 1517 rersu
338 1475 351 1517 5
365 1466 494 1530 conjiciens
514 1466 583 1526 πεὶση
604 1484 610 1512 :
625 1485 636 1506 ι
647 1466 734 1515 minari
745 1465 843 1516 ridetur
855 1465 944 1530 hospes
958 1468 1031 1516 Hera-
1053 1472 1055 1509 Ι
1077 1491 1114 1528 νος
1135 1474 1206 1520 αὐτοῦ
1222 1472 1386 1532 ἐπιγέγραπται
1398 1467 1468 1528 τάδε)
1480 1471 1506 1516 et
1522 1481 1560 1529 ap.
1584 1467 1716 1530 Diogenem
1738 1471 1765 1516 Ι..
1785 1469 1805 1525 l,
1821 1477 1856 1518 oe.

253 1539 311 1588 clito
322 1537 457 1588 uerendum
471 1549 525 1586 esse
537 1549 568 1586 ne
578 1549 634 1586 ossa
646 1535 699 1597 ejus
707 1549 737 1585 ox
751 1537 829 1600 patria
841 1537 975 1600 ejiciantur.
987 1556 999 1578 ιι

281 1689 372 1736 LXXX.
385 1688 484 1734 lemma
500 1705 505 1734 ι
518 1686 549 1734 sl:
559 1686 598 1734 τόν
609 1685 685 1734 αὐτόν.
699 1687 750 1748 Οὐχ
761 1687 857 1748 ἁρμόσει
867 1691 936 1735 τοῦτο
948 1687 978 1742 είς
990 1687 1030 1735 τόν

1078 1563 1091 1586 ιι
1107 1543 1195 1604 Recepi
1204 1543 1348 1606 scripturam
1358 1539 1454 1589 Codicis
1466 1537 1656 1598 inalterolooo,
1668 1538 1774 1587 similem
1787 1542 1858 1588 Laer·
1940 1587 1941 1612 ¹

1077 1613 1150 1663 tianae
1163 1615 1188 1662 et
1201 1611 1339 1662 arsenianre
1350 1609 1413 1659 Viol.
1424 1623 1448 1673 p.
1460 1613 1513 1660 277.
1525 1609 1649 1672 Scriptura
1662 1609 1750 1673 prioris
1759 1610 1810 1660 loci
1826 1613 1858 1660 in·
1940 1617 1941 1638 ³

1079 1683 1167 1733 sortior
1182 1695 1260 1744 quum
1275 1681 1307 1732 sit
1316 1719 1322 1742 ,
1332 1693 1388 1730 eam
1405 1681 1478 1730 certe
1496 1677 1633 1742 posthabui.
1649 1699 1660 1722 ιι
1674 1681 1704 1728 B.
1716 1681 1756 1730 Sic
1778 1683 1858 1732 autem

249 1758 356 1818 Ἐφέσιον
378 1757 510 1816 ριλόοορον.
532 1753 650 1803 Nimirum
674 1759 770 1818 poetam
793 1756 1031 1806 Halicamassenserrr
1053 1751 1056 1839 j
1077 1751 1301 1803 houloeoCodex:

251 1825 413 1884 tleraolitum,
428 1823 473 1874 sibi
494 1823 649 1882 familiarem,
669 1825 736 1886 luget
748 1827 774 1874 et
787 1824 892 1874 celebrat
913 1823 1026 1873 Callima·
1054 1846 1056 1885 ς

249 1895 326 1954 etrus,
341 1896 412 1958 cujus
427 1893 588 1943 meminerunt
604 1894 679 1943 etiam
699 1893 785 1944 Strabo
805 1897 870 1952 xlv,
894 1907 918 1956 p.
943 1901 988 1943 655
1003 1897 1029 1942 et

251 1966 319 2027 ltiog.
332 1968 357 2014 L.
369 1967 411 2022 lli,
425 1969 460 2022 17,
470 1963 779 2026 bicepigrammanostrum
789 1965 902 2013 allerens.
913 1983 924 2004 ιι
936 1963 1033 2012 Gallicis

250 2035 361 2084 versibus
371 2033 476 2083 reddidit
486 2031 592 2084 Dutbeil.
604 2033 677 2082 Prroi.
692 2031 722 2081 ad
735 2033 830 2082 Gallim.
845 2047 868 2096 p.
882 2038 919 2082 29.
934 2052 945 2074 ιι
956 2035 987 2081 n.
1002 2058 1032 2066 -

253 2113 261 2154 t
274 2105 308 2160 τίς
321 2103 419 2162 Cod.;e'
429 2104 469 2165 ἐμὲ
482 2117 521 2166 ap.
534 2103 601 2167 Diog.
612 2103 848 2162 -sr'rtirovaldinae
865 2103 942 2162 Plane
956 2104 1032 2161 ηιλιον

250 2178 323 2237 λέσχη
332 2175 464 2232 Bentleius,
475 2173 579 2222 Bruncl.
590 2177 615 2224 et
622 2173 724 2224 lleinel.
740 2174 850 2223 Alterum
858 2174 882 2222 in
891 2187 937 2222 suo
947 2172 1032 2224 codice

250 2247 337 2310 legisse
347 2245 466 2294 AElianum
481 2243 593 2294 observat
607 2246 669 2303 lae,
680 2245 709 2292 ll.
723 2247 751 2292 Α.
767 2245 811 2304 Vl,
827 2248 856 2293 58
871 2263 876 2290 ι
890 2242 1033 2293 Sacerdotes

250 2318 285 2366 ότι
299 2319 339 2365 τόν
353 2318 394 2377 μέν
407 2317 471 2374 ἣλιον
483 2315 506 2362 έν
518 2320 570 2369 ταῖς
589 2315 682 2378 λέσχαις
699 2316 821 2363 καταδύειν
837 2314 920 2374 ἄγουσι
934 2317 1032 2376 σχολὴν,

253 2389 297 2436 οὐκ
315 2387 381 2435 iosos
401 2387 426 2434 dt
444 2386 490 2434 ὅσα
505 2385 597 2446 ὄρνιθές.
620 2385 777 2434 Notissimum
794 2385 832 2434 est
850 2383 1029 2446 virgilianum:

251 2467 318 2517 sape
328 2469 373 2516 ορο
384 2455 471 2516 leopos
481 2453 615 2504 sarriendo
625 2466 737 2518 preerunt
750 2455 857 2502 rneruint
869 2465 912 2502 οιο
922 2453 1032 2502 condere

186 2575 189 2583 ,
251 2526 326 2585 soles,
341 2525 390 2574 liel.
411 2527 451 2583 lx,
471 2529 508 2573 51.
525 2523 610 2572 boias:
635 2543 646 2564 ιι
662 2523 740 2572 selrol.
761 2523 858 2572 wecil:
880 2523 966 2578 Δίωνος
991 2527 1032 2571 τοῦ

254 2595 422 2660 Χρυσοστόμον
438 2597 461 2642 έν
476 2596 577 2655 Διογένει
587 2601 610 2642 α’
621 2595 696 2655 (orat.
713 2595 739 2652 X,
756 2605 779 2654 p.
798 2593 881 2654 Boiis
898 2599 1032 2656 συγχωρῶ,

253 2685 265 2708 ιι
281 2667 337 2728 ἔφη,
354 2667 374 2714 dr
390 2665 503 2726 deoperte·
521 2665 579 2712 ἀλλὰ
599 2666 719 2718 καταδύεις
729 2665 769 2711 τὸν
789 2665 853 2720 ἥλιον
868 2664 919 2724 περὶ
939 2665 1032 2711 πάντων

254 2757 265 2780 ιι
279 2739 378 2798 ἐρωτῶν.
395 2738 441 2785 liei
450 2736 555 2798 πότερον,
567 2735 609 2796 ἔφη
619 2770 624 2788 .
636 2735 873 2796 &perseverassem
885 2733 918 2780 ὡν
931 2736 975 2796 χρὴ
989 2751 1032 2782 κα-

254 2827 265 2848 ιι
280 2810 379 2855 raderer
400 2809 440 2856 rie
457 2808 522 2863 ἣλιον
540 2807 689 2868 ἢβαδίζονια
706 2804 787 2868 μάτην.
798 2803 860 2853 Vide
882 2817 938 2866 qum
952 2803 1033 2853 notari

253 2877 285 2926 ad
295 2877 434 2926 callimaela¹
446 2891 471 2939 p.
486 2883 537 2928 tet.
550 2897 562 2919 ιι
576 2879 626 2926 —t
641 2878 795 2938 ἁλικαρναοεῦ
808 2875 847 2924 ed.
862 2875 937 2938 prinu.
954 2875 1032 2934 Plan,

257 2946 326 3008 Diog.
335 2955 396 2996 -5.
409 2947 527 3006 Ἆηδόνις,
544 2947 649 3010 elegiaca
662 2945 768 2996 earmina
784 2945 904 2996 Heracliti.
921 2973 951 2982 —
965 2955 979 2996 o
992 2947 1032 3008 dp·

253 3019 341 3075 παιιτής
353 3017 426 3067 etiam
439 3017 509 3078 Diog.
522 3017 682 3076 emelianus,
702 3015 745 3065 sod
755 3019 813 3065 vett.
825 3016 944 3066 editiones
957 3019 1032 3080 ἁρπα-

254 3091 319 3150 κτὴρ,
334 3087 399 3149 quod
411 3087 572 3150 praetulerunt
584 3087 671 3144 Booti..
692 3087 804 3146 Dranci,
822 3087 923 3136 lleinel.
941 3089 965 3136 et
976 3085 1033 3136 olim

255 3159 317 3218 lae,
332 3155 407 3219 quiin
419 3159 503 3206 nostro
515 3157 623 3220 exemplo
637 3155 698 3206 illud
707 3157 838 3206 revocarit.

287 3315 385 3364 LXXXi.
401 3315 501 3364 Lernae
516 3335 521 3364 :
537 3316 569 3370 εἰς
580 3315 722 3364 Χλέόόονλον
735 3315 774 3364 τὸν
784 3315 883 3365 Λίνδιον.
896 3315 987 3364 Deinde
999 3329 1034 3366 re·

257 3385 321 3434 otius
333 3403 338 3432 :
352 3383 383 3440 είς
402 3385 455 3438 τούς
468 3385 526 3433 ἑπτὰ
546 3385 630 3444 σοροὺς
651 3386 703 3439 τοὺς
718 3383 837 3445 μεγάλους.
862 3385 891 3432 et
909 3383 933 3432 in
957 3397 1032 3448 nrotg.

256 3455 380 3518 superiore
396 3475 401 3503 ι
415 3455 557 3510 Χλιόόουλος
574 3457 677 3514 Λίνδιος,
690 3455 824 3517 Μερίανδρος
835 3457 964 3518 Κορίνθιος,
977 3459 1033 3505 Μιτ-

255 3527 324 3582 τακὸς
336 3527 501 3584 Μιτυληναῖος,
512 3529 588 3584 θαλῆς
598 3527 717 3586 Μιλήσιος,
729 3525 806 3574 Χίλων
814 3527 967 3588 Σπαρτιάτης,
979 3527 1034 3582 Βίας

259 3597 381 3660 Πριηνεύς,
397 3599 474 3645 Σόλων
492 3597 617 3654 Ἀθηναῖος·
632 3597 689 3652 τινὲς
709 3597 757 3644 ἀντὶ
775 3597 914 3662 Περιάνδρου
934 3599 1036 3646 Μύσωνα

255 3670 295 3717 τόν
309 3669 386 3724 Χηνέα
403 3669 480 3730 φασίν.
496 3688 507 3709 ιι
524 3667 594 3716 Coei.
610 3669 651 3726 IX,
672 3679 709 3730 ep.
725 3672 777 3717 soe.
796 3689 807 3710 ν
825 3670 856 3716 Β.
868 3697 898 3708 -
912 3675 925 3718 2
939 3667 996 3730 &psi
1010 3669 1035 3717 δὲ

257 3741 311 3786 Σ..
331 3737 379 3798 ἔχει
392 3737 458 3785 Plan.
483 3736 601 3799 Sisyphus
613 3735 722 3786 Corinthi
740 3736 849 3786 conditor
865 3740 890 3786 et
907 3749 959 3786 rex.
972 3765 1004 3774 -
1020 3744 1035 3788 3

256 3809 374 3858 Μιτνλᾰνα
388 3805 502 3856 Jacobsiu
522 3807 640 3856 srrodente
661 3807 802 3869 scripsimus
816 3821 874 3857 eum
889 3807 978 3858 Granio
992 3823 1035 3872 pro

257 3911 284 3922 -
293 3879 393 3928 λάινα-
404 3879 566 3936 ίοαληαθοο.
576 3898 587 3920 ιι
603 3877 674 3927 Viros
683 3878 785 3934 eximius
793 3879 920 3930 civitatum
930 3882 1034 3942 etiusti-

220 3997 222 4002 .
256 3951 298 4000 tiro
314 3952 464 4007 eoluorloa,
488 3949 630 4011 ἐρείσματα,
645 3949 731 3997 crebro
748 3953 838 3999 rorant
856 3955 935 4014 poetae
952 3956 978 4002 et
1000 3967 1037 4003 so

256 4021 352 4082 plristau.
367 4049 397 4056 —
409 4029 432 4070 o.
448 4021 600 4082 Σωγροσύιη,
611 4033 640 4068 ea
653 4020 787 4083 presertim
799 4021 928 4085 sapientia,
939 4037 996 4086 quae
1012 4025 1036 4074 in

257 4091 307 4140 rita
326 4095 351 4141 et
371 4091 480 4140 moribus
494 4089 573 4152 posita
594 4093 639 4139 est.
658 4091 778 4152 Φύλακις,
795 4095 824 4140 ut
842 4093 957 4142 lloratius
977 4093 1037 4144 dixit

257 4164 362 4211 oar-roro
384 4173 448 4211 uerae
472 4163 556 4210 custos
574 4159 723 4224 rioldusqoo
740 4161 856 4222 satelles,
875 4162 951 4226 Epist.
970 4166 990 4224 1,
1014 4171 1034 4225 t,

260 4234 295 4280 17.
309 4253 320 4272 ι
334 4232 390 4279 Juc.

288 4377 406 4427 LXXXli.
427 4379 526 4426 Lemma
535 4379 566 4433 είς
584 4375 737 4442 Ἐπίχαρμον.
750 4403 779 4412 -
793 4385 812 4426 l.
832 4379 901 4426 Musa
914 4377 1038 4430 Doriensis

257 4445 435 4510 quodammodo
448 4447 550 4496 armarit
566 4447 737 4509 epicharmum
753 4447 778 4496 in
792 4446 902 4496 militiam
912 4447 1000 4498 moeni
1013 4453 1038 4502 et

257 4521 397 4574 satyrorum
409 4519 434 4566 et
447 4517 478 4566 ad
491 4530 576 4566 eorum
586 4529 654 4567 mera
662 4517 798 4581 peragenda
808 4517 928 4568 insuerit.

288 4663 413 4712 LXXXlll.
427 4663 525 4711 Lemma
539 4675 545 4704 ι
562 4664 592 4718 εὶς
607 4665 693 4721 θαλῆν.
704 4689 735 4698 -
750 4665 914 4726 λαστρολόγσν
924 4665 992 4731 Diog.
1009 4671 1036 4719 L.

259 4735 279 4792 l,
293 4737 331 4793 Μ,
341 4731 438 4782 rectius.

292 4883 415 4931 LXXXIV.
430 4883 529 4931 Lemma
545 4897 550 4925 :
567 4883 598 4937 είς
616 4883 656 4931 τόν
676 4883 754 4932 αὐτόν.
769 4912 799 4920 -
824 4891 832 4935 1
849 4887 864 4948 ἦ
883 4888 917 4937 όλ.
934 4889 994 4939 cod.
1013 4893 1039 4941 ei

260 4953 330 5015 lliog.
344 4955 370 5002 L.
384 4953 403 5011 l,
417 4957 461 5009 39;
475 4953 491 5012 ἠ
506 4953 526 5016 ῥ’
535 4953 612 5014 ὀλίγον
626 4955 652 5002 τό
669 4959 734 5016 σῆμα
750 4957 827 5018 Pium,
841 4975 867 5019 γε
877 4962 904 5008 τό
921 4965 986 5023 σᾶμα
999 4961 1037 5012 ed.

263 5021 345 5083 steph.
358 5057 364 5080 ,
377 5023 402 5070 et
416 5021 440 5070 in
455 5021 495 5072 illa
514 5023 634 5085 scriptura
647 5023 765 5073 omissum
777 5043 803 5088 γι
820 5031 948 5080 nutaverat
962 5031 1037 5082 ecbol.

263 5091 350 5141 Weeb.
363 5091 455 5142 Deinde
464 5093 634 5155 οὐρανόμακες,
644 5097 819 5158 ανοροτῑοόιιῑ,
831 5099 899 5163 Diog.
914 5102 998 5153 Cobet.
1009 5129 1040 5140 -

263 5169 319 5212 are
327 5165 513 5226 πολυφροντίστω
522 5164 651 5228 legendum
661 5179 691 5216 ex
700 5167 769 5230 Diog.
782 5169 872 5220 Deinde
882 5175 947 5222 τοῦδε
961 5174 1038 5236 l‘lan.;

262 5235 315 5297 όρῄς
325 5233 483 5285 casaubonus
497 5237 522 5284 et
531 5235 626 5296 Cobet,
644 5237 710 5299 qnod
723 5239 793 5289 unire
807 5253 911 5312 seruus·

1138 1861 1187 1918 Τὴν
1196 1859 1275 1907 ἄδικον
1283 1857 1396 1905 aedoeon
1402 1856 1466 1918 όόριν
1478 1855 1535 1904 ποτὶ
1545 1855 1586 1911 ἡδο
1595 1855 1691 1903 Σόλωνα

1169 1929 1235 1978 τόνδι
1247 1929 1268 1978 τ’
1278 1930 1325 1990 ipss
1336 1928 1437 1988 Σαλαμὶς
1450 1927 1590 1987 desponditur
1604 1925 1675 1988 ἱερὸν.

1078 2035 1116 2084 Ad
1128 2048 1185 2098 ques
1205 2035 1257 2082 Jec.
1273 2045 1279 2075 ι
1296 2051 1307 2074 ιι
1322 2029 1395 2088 Quod
1411 2027 1549 2080 emendanti
1568 2027 1672 2078 debetur
1685 2028 1806 2089 librario,
1820 2030 1857 2090 qui
1941 2003 1942 2012 ί

1071 2117 1190 2163 ¹versum,
1206 2113 1266 2152 vooe
1278 2101 1364 2158 Μήδων
1379 2099 1441 2148 torte
1459 2097 1562 2158 omissa,
1582 2100 1724 2148 truncatum
1742 2099 1856 2147 resarcire

1077 2174 1218 2227 oonabatur.
1230 2175 1265 2222 Es
1273 2172 1388 2222 restituta
1401 2173 1426 2219 et
1437 2171 1494 2220 ποτὲ
1508 2169 1594 2231 eiecto,
1608 2170 1678 2219 erit:

1139 2283 1188 2340 Τὴν
1202 2281 1289 2338 Μήδων
1301 2279 1380 2328 ἄδικον
1390 2277 1495 2327 samad
1509 2277 1571 2340 ῡὸριν
1580 2277 1621 2334 ἣδε
1631 2277 1726 2326 Σόλωνα

1168 2351 1228 2402 τόνδ’
1238 2353 1356 2413 irriger,

1078 2457 1113 2506 sio
1125 2456 1189 2507 enim
1199 2455 1300 2518 corrigo.
1311 2455 1394 2512 Quum
1407 2455 1490 2502 tamen
1503 2453 1576 2502 Solon
1589 2452 1710 2502 salunine
1727 2455 1803 2502 natus
1818 2455 1854 2514 sit,

1077 2539 1122 2577 neo
1136 2527 1212 2576 altera
1227 2525 1299 2575 lectio
1315 2525 1380 2574 τόνοι
1398 2529 1477 2573 τεκνοῖ
1494 2525 1586 2572 temere
1600 2521 1744 2586 spernenda.
1762 2523 1803 2572 sio
1820 2539 1854 2586 epv

1077 2602 1132 2656 til,
1148 2603 1157 2646 i
1172 2596 1300 2660 ιπότραδέ
1317 2593 1522 2655 μιτικνοῖἊτδίς,
1535 2593 1593 2643 item
1606 2593 1732 2656 presenti,
1746 2607 1857 2644 nontam
1943 2639 1944 2664 ,

1077 2669 1102 2718 in
1116 2667 1197 2718 verbis
1209 2666 1282 2729 hujus
1292 2663 1471 2727 significationis
1484 2676 1542 2712 nso.
1554 2683 1566 2705 ι

1109 2795 1240 2844 Lttltllvll.
1252 2791 1351 2841 Lemma
1362 2811 1368 2840 ι
1380 2792 1412 2847 si<
1425 2792 1466 2840 τόν
1476 2791 1554 2846 αὐτόν,
1566 2791 1606 2838 τὸν
1616 2793 1747 2850 Ἀθηναῖον,
1756 2792 1798 2840 τόν
1806 2792 1856 2853 ppri-

1077 2869 1153 2928 ψαντα
1167 2867 1220 2920 τοὺς
1232 2865 1324 2926 νόμους.
1337 2883 1349 2904 ιι
1366 2865 1408 2912 Est
1417 2861 1443 2910 in
1455 2861 1594 2926 appendice
1603 2861 1771 2912 Weebelianre
1779 2875 1805 2924 p.
1819 2871 1853 2913 as.

1079 2935 1186 2986 sesessit
1196 2934 1304 2984 auctoris
1315 2945 1402 2982 nomen
1411 2944 1440 2980 ex
1451 2931 1520 2994 ipso,
1530 2931 1594 2981 Vites
1603 2931 1663 2992 Sol,
1675 2934 1696 2990 l,
1708 2936 1747 2986 aa.
1758 2951 1771 2974 ιι
1786 2935 1816 2981 Β.
1827 2959 1854 2970 -
1944 2979 1945 2986 ,

1081 3013 1091 3056 l
1104 3007 1198 3068 κύπρος
1207 3019 1237 3054 an
1247 3003 1342 3065 κύτριον
1355 3001 1420 3052 sitio
1430 3001 1491 3050 cod.
1505 3001 1662 3064 ambiguum,
1681 3001 1713 3051 de
1723 3015 1775 3064 quo
1788 3017 1855 3066 nuga·

1078 3079 1118 3125 tur
1133 3075 1227 3124 Paulos.
1240 3088 1265 3138 p.
1279 3077 1317 3124 ³0.
1328 3071 1404 3122 codd.
1419 3071 1468 3134 ἧρι.
1478 3078 1534 3120 -e
1549 3073 1608 3120 ὀοτὰ
1621 3071 1773 3128 &Cebetem
1791 3075 1855 3122 ὸττέτ

1077 3146 1098 3196 δ’
1107 3144 1179 3204 Cod.;
1189 3145 1249 3194 ὀστᾶ
1257 3145 1277 3193 δ’
1284 3143 1365 3207 Diog.;
1375 3142 1438 3191 ὀστέ’
1448 3142 1497 3204 ἔχει
1504 3141 1600 3192 Jacobs.
1609 3169 1640 3178 ·-
1649 3147 1664 3191 3
1674 3145 1697 3191 έν
1707 3145 1753 3205 γὰρ
1761 3144 1852 3193 Jacobs.

1077 3215 1174 3279 conjicit
1189 3215 1214 3264 in
1227 3217 1288 3264 nott.
1299 3227 1358 3263 mss.
1375 3213 1504 3274 (istiuas).
1522 3239 1552 3248 —
1570 3217 1593 3262 t.
1608 3232 1620 3254 ιι
1636 3215 1734 3272 Αύτοῑς,
1746 3215 1798 3262 soil.
1811 3221 1854 3270 τοῖς

1077 3289 1163 3342 ἀξοαιν.
1175 3284 1248 3334 Ludit
1260 3285 1341 3347 inepte
1355 3284 1379 3332 in
1390 3297 1420 3332 eo
1431 3283 1541 3344 nomine,
1555 3282 1622 3345 quod
1634 3296 1709 3333 uersu
1722 3284 1796 3334 tertio
1807 3299 1854 3332 eur·

1078 3369 1133 3406 rum
1144 3354 1273 3418 siguificat,
1283 3357 1371 3418 quarto
1382 3367 1480 3403 aeones
1489 3353 1543 3402 illos
1552 3353 1642 3416 quibus
1652 3353 1726 3403 Solon
1735 3354 1854 3417 inscripse

1078 3431 1116 3478 rat
1138 3427 1212 3489 leges.
1234 3447 1245 3468 ι
1268 3426 1298 3474 B.
1316 3423 1407 3474 Eadem
1431 3424 1551 3474 sententia
1572 3423 1694 3484 laoobsii,
1717 3424 1852 3476 addentis:

1080 3517 1092 3539 ι
1103 3499 1185 3554 Quare
1201 3509 1261 3546 care
1279 3507 1336 3544 oum
1352 3494 1495 3544 casaubono
1508 3495 1588 3550 ἀστοῖς
1606 3495 1723 3558 oonigrs.
1741 3515 1754 3538 ιι
1768 3495 1853 3545 llibilo·

1079 3567 1159 3616 minus
1172 3579 1228 3615 oum
1242 3564 1335 3614 Cobeto
1347 3563 1395 3614 boo
1406 3577 1493 3614 rerum
1506 3567 1574 3628 puto.
1588 3564 1634 3615 Vel
1646 3564 1749 3628 Diogeni
1760 3568 1855 3616 saliere

1079 3635 1112 3686 rit
1123 3636 1194 3686 lusus
1208 3635 1308 3698 simplex
1317 3633 1342 3682 in
1356 3635 1441 3690 ἀξονες.

1112 3769 1263 3818 sxxxvm.
1283 3769 1383 3817 Lemma
1403 3787 1409 3814 ι
1426 3769 1458 3822 εἰς
1474 3767 1577 3816 Χίλωνα.
1599 3787 1611 3810 ι
1624 3769 1669 3817 Est
1685 3767 1711 3817 in
1723 3769 1857 3832 Appendire

1079 3839 1187 3890 Weobel.
1198 3851 1222 3900 p.
1234 3844 1271 3887 25.
1281 3839 1372 3886 Nomen
1380 3837 1487 3886 auctoris
1497 3840 1583 3886 notum
1591 3851 1623 3886 ea
1635 3837 1704 3901 ipso,
1718 3839 1775 3888 l'ita
1787 3839 1856 3896 Cbil..

1079 3909 1148 3968 1,7n,
1160 3909 1198 3955 73.
1214 3925 1226 3949 κ
1237 3905 1268 3954 B.
1280 3905 1373 3956 Plinius
1382 3907 1412 3955 ll.
1423 3909 1452 3956 N.
1464 3907 1517 3966 llll,
1526 3911 1572 3956 3³²
1587 3909 1656 3966 Quies
1667 3911 1693 3957 et
1702 3906 1785 3972 lituus
1804 3911 1858 3970 ejus

1080 3975 1225 4038 (Chilonis),
1242 3989 1331 4040 quom,
1352 3977 1451 4024 uictore
1470 3972 1525 4037 fillo
1543 3973 1683 4040 Olympios,
1706 3981 1858 4040 exspirasset

1079 4045 1193 4110 gaudio,
1212 4049 1267 4096 totu
1286 4049 1387 4098 Gracia
1406 4049 1554 4110 prosecuto
1566 4049 1613 4096 est.
1628 4055 1689 4097 -a
1709 4050 1773 4098 listi.
1791 4049 1856 4111 Diog.

1080 4120 1152 4166 reete.
1168 4143 1199 4152 -
1210 4121 1224 4166 3
1236 4119 1291 4165 ἰδὼν
1305 4119 1392 4179 ἤμυσεν
1412 4119 1489 4175 ἡσδείς
1511 4117 1602 4166 Codex.
1618 4139 1630 4160 ιι
1647 4117 1793 4182 suspicabar
1805 4121 1857 4178 ἐρη-

1080 4187 1205 4244 σθιίς.8ο(λ
1218 4186 1309 4237 rectius
1328 4200 1356 4236 er
1377 4187 1483 4251 Diogene
1504 4189 1619 4238 restitues
1640 4189 1730 4238 τέκνον.
1744 4193 1772 4239 ln
1786 4193 1859 4248 ἡμνοι

1080 4257 1160 4307 modia
1168 4270 1265 4320 anceps.
1278 4278 1290 4300 ιι
1303 4259 1360 4308 lue.
1373 4257 1543 4308 Boiosonadios
1556 4257 1626 4321 quod
1638 4258 1664 4308 in
1673 4259 1860 4310 Tauetrnitaiana

1080 4327 1168 4391 legitur
1181 4319 1236 4378 rear
1249 4329 1365 4389 νιοιημ.
1377 4327 1476 4389 reliquo
1489 4328 1616 4378 ιιιαιιιιιιι.

1113 4472 1235 4521 LXXXIX.
1253 4472 1353 4520 Lemma
1363 4483 1369 4512 2
1380 4471 1412 4524 ιλς
1427 4470 1552 4519 Πιττακόν.
1564 4473 1640 4519 Τοῦτο
1647 4470 1756 4531 Arupium
1769 4471 1861 4533 όΔαερ

1081 4541 1131 4590 riou
1141 4541 1201 4600 λέγει
1218 4542 1241 4588 tr
1253 4545 1301 4595 τοῖς
1313 4544 1359 4588 τῶν
1370 4539 1502 4601 φιλοσόφων
1512 4539 1571 4601 βίοις
1585 4542 1617 4595 ὥς
1632 4540 1702 4589 teror.
1714 4539 1811 4596 Quibus
1822 4554 1859 4589 re·

1082 4610 1173 4662 oenttor
1185 4624 1218 4660 m.
1234 4609 1328 4660 addidit
1344 4623 1350 4652 :
1375 4611 1434 4667 πλὴν
1453 4609 1530 4657 πάντα
1544 4612 1668 4672 Διογένους
1686 4613 1746 4662 slsis
1761 4617 1805 4660 τοῦ
1815 4617 1862 4659 τῶν

1082 4681 1211 4744 φιλοσόφων
1223 4683 1286 4745 βίους
1299 4681 1502 4744 ἀναγραψαμίνου.
1514 4685 1543 4731 ln
1557 4683 1684 4745 superiore
1693 4695 1780 4746 marg:
1794 4689 1862 4732 τοῦτο

1083 4754 1185 4807 Ἀλκαῖος
1196 4751 1303 4811 ἐποίησιν
1312 4753 1344 4808 τίς
1355 4752 1472 4802 Πιττακὸν
1482 4753 1522 4801 τόν
1530 4754 1696 4813 Μιτυληναῑον.
1713 4753 1861 4803 Adversum

1086 4827 1112 4872 13
1122 4824 1204 4872 autem
1213 4821 1361 4886 ademptum
1372 4845 1378 4872 ι
1390 4823 1426 4872 ὅτι
1436 4825 1552 4881 Πιττακὸς
1567 4825 1699 4888 εὐμήχανος
1707 4825 1737 4886 ἦν
1748 4826 1862 4888 στρατιώ-

1082 4905 1130 4950 της·
1142 4893 1226 4942 διὸκαὶ
1243 4893 1299 4956 πρός
1305 4910 1357 4942 τινα
1363 4893 1481 4953 Ἀθηναῖον
1501 4895 1666 4958 μονομόχησεν
1684 4893 1753 4956 (sie).
1767 4913 1779 4935 ι
1790 4893 1860 4944 Circa

1082 4963 1128 5012 hes
1137 4962 1240 5024 ineptias
1250 4977 1298 5012 non
1305 4963 1426 5023 morabor,
1434 4964 1558 5014 monuisse
1566 4967 1706 5025 contentus,
1715 4965 1797 5027 ipsum
1811 4965 1863 5013 Dio

1083 5047 1167 5096 gerrem
1177 5035 1255 5083 laert.
1268 5035 1288 5094 l,
1298 5037 1337 5094 79,
1350 5032 1375 5082 Μ
1386 5034 1534 5096 epigramma
1543 5033 1704 5085 disertissime
1714 5033 1863 5085 Gadirnaobo

1083 5104 1210 5163 tribuisser
1225 5103 1288 5154 unde
1305 5103 1480 5154 incallimacbi
1498 5103 1616 5155 editiones
1630 5107 1669 5156 est
1682 5107 1819 5168 rereptum.
1838 5107 1864 5153 ln

1084 5189 1138 5224 meo
1152 5174 1235 5224 monui
1256 5173 1330 5224 luisse
1348 5174 1495 5226 illustratum
1513 5179 1574 5226 ast.
1585 5177 1680 5226 clerieo
1692 5175 1864 5226 dissertatione

1083 5245 1205 5308 peorrliari.
1222 5266 1232 5288 ι
1251 5247 1280 5294 D.
1300 5245 1435 5308 lacobsius,
1450 5248 1522 5297 etam
1546 5247 1569 5298 in
1584 5251 1644 5298 nott.
1661 5261 1731 5312 mss,
1746 5247 1777 5298 de
1795 5247 1864 5297 Calli·
