3962 5936
258 455 297 514 90
810 453 1072 516 ANTHOLOGIAE'
1086 457 1287 520 PALATINAE

196 655 200 665 Ι
219 588 232 626 ⁵
257 585 358 660 Θαῦμα
370 583 399 642 δί
412 607 474 660 μοι,
488 588 543 652 πῶς
555 575 604 664 δρα
619 585 661 644 διὰ
674 591 798 663 γλαυκοῖο
810 589 920 667 φανεῖσα

297 672 428 749 κύματος,
440 673 466 741 ἐξ
478 677 573 752 ύγρῶ,
587 674 691 751 Κύπρι,
701 674 733 732 σύ
745 681 798 754 πῦρ
814 676 929 743 τίτοκας.

512 809 571 858 1⁷7.
590 812 649 856 ror
668 813 772 883 saror.

174 901 177 908 Α
261 933 390 1014 Ιίηρύσσω
404 933 446 993 τδν
461 932 582 1014 Ἔρωτα,
594 936 637 996 τὸν
655 937 757 1015 ἄγριον·
774 940 831 1018 σίρτι
842 940 893 1018 γὰρ
908 940 968 1018 ἄρτι

296 1021 408 1101 ὄρθρινδς
421 1024 451 1080 ἐκ
461 1023 549 1089 κοίτας
562 1023 640 1104 ᾤχετ’
652 1024 841 1102 ἀποπτάμενος.

174 1105 179 1114 ’
261 1097 337 1167 Ἔστι
351 1109 374 1167 δ’
385 1112 470 1175 ὁπαῐς
481 1111 671 1193 γλυκόδακρυς,
678 1113 806 1185 αἐίλαλος,
817 1115 893 1188 ὠκύς,
904 1114 1030 1194 αἰταρύὴς,

295 1195 361 1272 qipd
370 1199 463 1275 γελῶν,
474 1199 590 1278 πτερόεις
601 1204 688 1274 νῶτα,
701 1203 898 1282 φαρετροφόρος.

217 1286 230 1322 ⁵
257 1281 360 1364 Πατρδς
374 1287 396 1343 δ’
407 1287 491 1345 οὐκέτ’
504 1287 559 1366 ίχιυ
573 1289 679 1369 ρροίζειν
692 1290 768 1356 τίνος·
783 1290 840 1349 ούτε
857 1291 909 1369 γὰρ
921 1291 1017 1370 strip,

295 1376 324 1430 οὐ
339 1371 415 1432 Χθὼν
430 1375 494 1454 φησὶ
506 1385 591 1435 τεκεῖν
607 1377 651 1435 τὸν
665 1375 776 1456 θρασὺν,
794 1381 823 1437 ού
838 1379 972 1458 Πέλαγος·

255 1459 340 1536 ποίντγΙ
351 1459 401 1540 γὰρ
412 1462 456 1519 καὶ
468 1472 548 1522 πᾶσιν
561 1463 714 1542 ἀπέχθεται.
731 1461 804 1548 ἌλλἸ
814 1468 919 1545 ἐσορᾶτε

296 1548 333 1627 μή
349 1573 400 1609 που
412 1554 457 1607 νῦν
471 1553 567 1630 ψυχαῖς
577 1552 646 1610 ἄλλα
660 1553 747 1625 τίθησι
760 1553 828 1611 λίνα.

257 1637 351 1697 Καίτοι
362 1638 456 1710 κεῖνος,
469 1638 523 1697 ἰδού
535 1684 543 1711 ,
555 1641 614 1718 περὶ
624 1639 733 1719 φωλεόν.
750 1637 791 1700 Oti
805 1664 839 1716 με
853 1639 978 1712 λέληθας,

205 1735 229 1774 ¹⁰
294 1724 396 1803 τοξότα,
411 1727 559 1806 Ζηνορίλας
573 1725 675 1804 ὄμμασι
687 1727 873 1806 κρυπτόμενος.

512 1873 569 1923 178.
590 1875 649 1920 ΤΟΥ
667 1876 771 1923 ΑΥΓΟΥ.

256 1997 416 2073 Πωλείσύω,
433 1998 478 2057 καί
492 2000 588 2079 ματρὸς
602 2000 638 2060 ἔτ’
649 2003 677 2058 ίν
690 1999 810 2060 κόλποισι
824 2001 966 2074 καθεύδων,

293 2083 438 2142 πωλείσθο).
454 2085 490 2144 Τί
504 2085 532 2144 δί
546 2110 590 2163 μοι
601 2087 631 2146 τὸ
645 2085 726 2166 θρασύ
740 2092 816 2146 τοῦτο
826 2086 944 2167 τρίρειν,

253 2168 298 2227 καί
313 2168 363 2248 γὰρ
381 2171 457 2248 σιμὸν
469 2171 517 2252 ίρυ
531 2173 577 2232 καὶ
590 2172 753 2254 ὑπόπτερον,
772 2174 840 2250 ἄκρα
855 2175 877 2232 δ’
891 2173 973 2241 ὄνυξιν

254 2277 260 2292 ’
292 2257 387 2330 κνίζει,
402 2260 447 2317 καὶ
461 2262 551 2320 κλαῖον
564 2259 651 2319 πολλὰ
665 2259 762 2338 μεταξὺ
776 2265 849 2342 γελᾷ·

217 2367 229 2405 ε
252 2343 315 2424 πρὸς
334 2346 358 2404 δ’
374 2348 412 2405 ἔτι
427 2347 517 2406 λοιπόν
531 2347 670 2427 ἄτρεπτον,
686 2349 822 2421 άτίλαλσν,
834 2347 878 2417 ὀξύ
894 2350 1025 2429 δεδορκδς,

291 2433 389 2512 οίγριον,
406 2435 460 2493 οὐδ’
471 2437 539 2516 αὐτῇ
552 2437 632 2514 μητρί
643 2435 706 2518 φίλῃ
717 2437 831 2496 τιθασόν·

252 2517 431 2601 πόντατίρας.
451 2523 553 2606 Τοιγίιρ
566 2523 742 2604 πεπράσεται.
761 2523 793 2586 Εἴ
806 2550 843 2592 τις
860 2525 993 2593 ἀπόπλους

291 2606 404 2688 ίμπορος
417 2612 539 2670 ὠνεῖσθαι
552 2613 634 2675 παῖδα
648 2613 729 2686 θελοι,
740 2615 867 2691 προσίτω.
998 2673 1002 2688 ,

253 2695 349 2758 Καίτοι
361 2695 473 2770 λίσσετ’,
489 2697 564 2776 ἰδοὺ,
575 2699 772 2779 δεδακρυμίνος.
787 2701 828 2761 θύ
844 2701 867 2759 σ’
878 2701 917 2762 ἔτι
930 2705 1022 2762 πωλῶ·

203 2801 228 2841 to
292 2785 389 2862 δύρσει·
404 2787 536 2866 Ζηνορίλμ
547 2785 686 2868 σύντρορος
698 2778 749 2846 dtr
765 2788 836 2865 μίνε.

507 2933 567 2983 179.
587 2935 646 2981 ΤΟΥ
663 2936 768 2984 ΔΥΓΟΥ.

253 3057 306 3121 Ναὶ
319 3059 366 3118 τίον
377 3057 593 3138 Κύπριν,Ἔρως,
602 3057 687 3140 pitito
696 3059 730 3120 ed
744 3059 777 3120 σδι
791 3061 878 3119 πάντα
890 3061 1024 3142 πυρώσας,

290 3148 352 3218 τόξα
366 3171 394 3206 τε
408 3148 453 3207 καὶ
469 3149 600 3218 Σκυθικὴν
612 3147 711 3207 ίοδύκσν
730 3147 871 3230 φαρέτρην·

251 3237 349 3320 plistu,
364 3237 417 3296 ναί.
428 3237 463 3298 Τί
473 3238 573 3347 paleato
584 3241 661 3320 γελᾷς
670 3279 683 3348 ,
692 3237 738 3296 καὶ
747 3237 816 3348 σιμὰ,
827 3236 944 3318 σεσηρὼς

209 3439 222 3476 t
249 3325 951 3494 atilli{s'ltllllililllsslssi‘liu,

288 3499 444 3582 χαλκόδετον
459 3499 556 3581 σφίγξαι
571 3509 624 3567 σοῖς
636 3499 695 3580 περὶ
709 3499 789 3560 ποσσί
804 3499 897 3572 πίδην.

250 3590 345 3652 Ιίαίτοι
356 3591 488 3667 Καδμείον
503 3589 596 3669 κρίτος
611 3587 726 3664 οίσομεν,
740 3590 766 3647 τί
776 3610 805 3647 σε
817 3587 941 3668 ποίροικον

250 3801 302 3846 iloc
313 3797 391 3864 potius
400 3795 484 3856 miror,
497 3797 573 3861 pelagi
583 3799 667 3845 Venus
677 3805 731 3846 orta
740 3795 858 3863 protendo

281 3882 316 3928 Ex
329 3878 385 3944 ipsis
398 3879 475 3942 iguem
487 3877 528 3941 qui
541 3878 661 3941 generavit
674 3877 751 3944 aspris.

539 4045 596 4091 177,
613 4047 733 4080 nassonia.

247 4167 278 4214 Se
291 4163 404 4213 subduxit
413 4167 489 4214 Amor
498 4164 576 4230 prison
587 4166 659 4214 modo
668 4167 722 4214 luce
734 4166 807 4214 nubib

282 4245 421 4296 advolitans
435 4263 442 4297 τ
454 4246 526 4296 invlex
538 4248 610 4303 illius.
623 4249 667 4312 eja,
679 4247 732 4313 quis
742 4253 795 4298 esti

249 4325 311 4376 Simu
325 4342 385 4392 puer
396 4327 468 4390 ridet,
479 4329 556 4392 celer,
568 4329 755 4395 intrepidusque,
767 4330 900 4395 loquaxque
910 4349 919 4380 ι

282 4408 357 4458 Dulce
368 4406 410 4459 llet
420 4418 445 4459 et
456 4410 540 4476 pennis
551 4411 647 4460 inclitus
660 4420 685 4460 et
696 4409 817 4477 pharetra.

249 4491 304 4538 Non
314 4489 392 4539 diosna
405 4507 453 4556 quo
462 4501 530 4558 patre
540 4501 623 4542 satus:
636 4493 743 4557 genuisse
755 4492 859 4542 leronem

281 4573 311 4620 Et
321 4571 398 4636 Polus,
407 4581 433 4622 et
440 4573 530 4634 Tellus,
546 4582 571 4622 et
580 4573 655 4622 Maris
667 4574 730 4623 unda
743 4584 839 4638 negant.

249 4651 366 4702 Omnibus
374 4654 472 4704 omnino
483 4656 561 4719 gravis
569 4665 605 4705 est
618 4671 624 4704 :
638 4657 760 4713 attendite,
775 4673 805 4707 ne
817 4674 864 4722 qua

282 4737 385 4787 incautis
393 4738 477 4788 animis
488 4754 550 4788 nune
562 4755 657 4805 quoque
666 4739 705 4789 lila
717 4750 792 4805 paret.

250 4821 285 4869 lio
292 4819 406 4870 latebras!
420 4837 451 4870 an
463 4837 501 4870 ore
514 4821 624 4888 spserolm
637 4822 726 4880 tallere,
738 4839 848 4889 nequam,

195 4949 198 4954 .
282 4904 377 4969 Spicula
389 4903 529 4971 zenophiles
541 4906 583 4970 qui
592 4905 651 4970 jacis
664 4922 693 4956 ex
705 4907 797 4958 oculisi

542 5062 596 5122 178.
615 5077 732 5111 musore.

227 5211 230 5222 ¹
253 5195 355 5256 veneat,
368 5195 393 5243 in
407 5195 487 5246 matris
500 5199 650 5262 quantumvis
659 5199 760 5248 dormiat
775 5199 854 5248 ulnis:

1074 597 1162 646 ldimm
1172 611 1230 648 vero
1239 603 1277 650 est
1285 600 1358 663 mihi,
1373 603 1496 664 quomodo
1506 604 1603 654 tandem
1614 609 1642 656 tu
1651 621 1708 670 quse
1717 607 1741 660 in
1756 610 1847 660 oterolo

1106 686 1197 748 fluctu,
1210 701 1238 738 es
1245 687 1348 739 humore
1355 729 1362 751 ,
1370 693 1466 752 Venus,
1477 693 1556 756 ignem
1567 697 1694 758 ρεροτοτίσ,
1704 698 1846 762 [apparuisti

1349 823 1399 870 177.
1422 831 1573 875 rtusnnst.

1074 960 1200 1010 Proconor
1212 965 1333 1022 Amorem,
1349 962 1429 1012 serum
1438 963 1507 1012 illum
1519 985 1524 1013 :
1534 964 1607 1014 modo
1615 965 1688 1026 enim,
1697 967 1769 1016 mod·

1103 1047 1243 1109 primaluce
1256 1063 1283 1099 er
1293 1049 1367 1099 cubili
1376 1051 1488 1100 avolavit.
1771 1055 1843 1119 [dum

1072 1136 1116 1184 Est
1127 1139 1210 1186 autem
1224 1149 1286 1199 puer
1294 1137 1517 1200 dulcelacrimans,
1527 1141 1648 1203 gannim,
1658 1142 1731 1203 celer,
1743 1143 1842 1205 impavi-

1103 1219 1496 1284 adundsoaribusridensmlatus
1504 1225 1845 1291 tergapuarcoamqestans.

1072 1308 1150 1358 Patris
1160 1323 1217 1359 vero
1227 1323 1276 1360 non
1283 1309 1563 1376 babeodicerecujnssit
1573 1315 1705 1364 :cocenim
1716 1315 1808 1374 adibeo,

1102 1409 1150 1445 non
1163 1397 1245 1447 Tellus
1253 1399 1288 1448 ait
1297 1400 1454 1462 sepcpetisse
1468 1401 1599 1462 audacem,
1616 1403 1781 1466 nonPelagus·

1072 1483 1163 1546 ubique
1178 1485 1274 1534 enimet
1286 1486 1398 1536 omnibus
1410 1487 1505 1537 invisus
1514 1491 1561 1538 est.
1572 1493 1603 1538 at
1612 1490 1763 1552 speculamina
1809 1479 1812 1484 ⁵

1102 1583 1132 1618 ne
1143 1570 1205 1620 torte
1214 1584 1282 1620 nnnc
1293 1571 1379 1622 animis
1390 1573 1437 1621 alia
1448 1569 1535 1624 tendat
1540 1575 1610 1624 retia.

1072 1657 1146 1719 atqu
1159 1671 1243 1707 οοσιιιιι
1255 1657 1339 1708 illumi
1354 1660 1416 1709 circa
1425 1659 1513 1710 cubile.
1526 1663 1578 1711 Non
1587 1663 1679 1712 latuisti
1688 1677 1727 1713 me

1105 1743 1239 1812 sagittario,
1254 1744 1391 1809 zenophiloe
1400 1744 1425 1794 iri
1435 1747 1513 1796 oculis
1521 1750 1692 1799 teoccultans

1350 1857 1401 1939 cii.
1424 1899 1569 1942 musore.

1071 2009 1206 2072 vendatur,
1221 2009 1335 2073 quamvis
1346 2011 1431 2060 matris
1440 2010 1553 2062 adhucio
1562 2013 1617 2062 sinu
1629 2012 1759 2072 dormiens,

1103 2097 1237 2148 vendatur!
1253 2096 1319 2155 Quid
1331 2111 1370 2147 me
1376 2098 1448 2159 juvat
1459 2103 1488 2150 ut
1499 2100 1546 2150 boc
1557 2100 1634 2150 audax
1647 2102 1767 2152 nutriam?

1071 2198 1176 2248 namque
1188 2185 1278 2235 simum
1285 2188 1417 2236 natum-est
1425 2187 1558 2248 stolatum,
1566 2189 1712 2240 eiacerrime
1721 2191 1850 2255 unguibus

1102 2273 1206 2333 vellicat,
1217 2275 1242 2323 et
1253 2287 1318 2337 sepe
1327 2273 1475 2338 dum-plorat
1486 2275 1582 2325 interim
1595 2276 1671 2336 ridct3

1072 2364 1189 2422 praterea
1200 2361 1273 2410 etiam
1282 2362 1391 2426 pertinax
1398 2365 1436 2413 cst
1443 2401 1449 2422 ,
1457 2363 1581 2426 gamalam
1588 2402 1594 2424 ,
1602 2365 1687 2414 acerbe
1694 2369 1812 2430 ορεσίααε,

1102 2447 1191 2508 lerum,
1202 2461 1280 2510 noque
1289 2448 1334 2512 ipsi
1347 2449 1421 2498 etum
1432 2445 1507 2498 muri
1516 2462 1568 2500 sne
1575 2450 1685 2500 cicurum
1696 2466 1702 2493 ι

1069 2535 1166 2584 omnino
1175 2537 1317 2585 monstrum.
1332 2539 1418 2599 ltaque
1427 2536 1555 2586 vendetur.
1568 2539 1592 2587 Si
1601 2539 1658 2600 quis
1666 2543 1798 2590 evecturus

1101 2625 1220 2672 mercator
1232 2635 1312 2672 emere
1325 2635 1429 2686 puerum
1441 2624 1507 2684 volt,
1523 2624 1640 2674 amedito.
1732 2625 1844 2688 [veodm

1070 2713 1224 2772 Quamquam
1241 2712 1362 2772 precatur,
1377 2722 1448 2770 ecoe,
1468 2709 1673 2761 lacrimabundus.
1689 2714 1740 2761 lton
1755 2713 1805 2775 jao·
1821 2717 1851 2762 te

1105 2796 1383 2846 habe-bonumauimum
1393 2818 1399 2846 :
1410 2797 1546 2860 zenophilo
1557 2799 1658 2848 conviva
1670 2798 1710 2848 htc
1718 2813 1798 2850 manc.

1352 2939 1408 2987 179.
1429 2947 1574 2990 altisonas.

1070 3071 1113 3120 itas
1125 3083 1168 3133 per
1180 3071 1279 3134 cyprin,
1291 3075 1373 3132 Amor,
1383 3071 1525 3120 comburam
1534 3071 1639 3134 ignotus
1648 3072 1737 3128 omnia,

1085 3159 1199 3222 sagittas,
1209 3161 1234 3209 et
1243 3157 1382 3220 scythicam
1388 3159 1618 3221 qaaetelaoontinet
1629 3157 1767 3222 pharetram
1780 3181 1786 3208 :

1070 3248 1225 3310 comburam,
1242 3251 1295 3296 nto!
1312 3246 1379 3305 Quid
1392 3247 1497 3296 inaniter
1510 3247 1574 3296 rides
1594 3251 1619 3297 et
1634 3247 1852 3298 muncisnarlbus

1099 3333 1202 3382 muttis?
1215 3346 1272 3382 mox
1281 3305 1291 3392 ,Ι
1303 3333 1365 3395 puto
1379 3332 1523 3382 sardonium
1537 3331 1633 3382 ridebis.
1734 3333 1849 3397 [ringens
1972 3371 1973 3418 ,

1068 3419 1338 3482 Sanecnimtibi,quae
1345 3419 1477 3482 Cupidines
1488 3419 1590 3481 ducunt,
1600 3419 1645 3470 elis
1653 3419 1756 3471 dmeotis
1972 3421 1973 3460 l

1098 3506 1533 3570 eneamsttingamtuoscircapedes
1542 3507 1847 3572 compedem.[mcsticuru
1972 3461 1973 3532 ί

1068 3599 1222 3657 Quatnquam
1237 3594 1368 3645 Cadmeam
1382 3594 1508 3644 victoriam
1521 3595 1713 3659 reportabimus,
1729 3597 1750 3646 si
1763 3600 1788 3646 te
1801 3596 1841 3646 do

1101 3797 1199 3841 veneat
1212 3807 1217 3840 :
1232 3791 1296 3840 bunc
1307 3807 1395 3840 sevum
1405 3808 1448 3840 cur
1463 3807 1507 3856 ego
1518 3809 1611 3857 semper
1623 3794 1703 3842 alam?

1067 3874 1144 3924 Simus
1152 3875 1216 3923 enim
1226 3874 1355 3940 mortisque
1367 3876 1439 3936 celer,
1450 3875 1594 3940 summisque
1608 3875 1726 3925 timendus

1100 3957 1222 4021 Unguibus
1232 3965 1277 4017 est,
1291 3957 1374 4006 mediis
1384 3957 1446 4006 ridet
1458 3966 1483 4006 et
1495 3957 1519 4006 in
1529 3958 1648 4024 lacrymis.

1067 4039 1182 4088 Garrulus
1191 4048 1236 4099 est,
1248 4040 1334 4098 audax,
1346 4047 1370 4088 et
1384 4039 1479 4088 vibrans
1494 4039 1594 4100 lumina,
1608 4050 1680 4088 mater

1101 4125 1152 4186 ipsa
1165 4129 1241 4186 potest
1250 4121 1299 4183 eiras
1307 4120 1337 4169 de
1349 4119 1441 4169 feritate
1453 4121 1530 4186 (paeri.

1068 4202 1201 4264 Prodigium
1213 4211 1276 4251 totus
1292 4202 1358 4266 :iam
1368 4211 1458 4250 veneat
1471 4217 1478 4251 t
1495 4199 1542 4250 huc
1554 4202 1617 4264 ades,
1631 4203 1677 4266 eja,

1100 4287 1220 4332 Mercator
1231 4299 1332 4349 puerum
1340 4284 1360 4333 si
1374 4284 1426 4350 quis
1435 4282 1525 4332 habere
1536 4283 1610 4348 cupis.

1066 4370 1101 4415 En
1114 4375 1179 4430 rogat
1190 4375 1215 4415 et
1230 4365 1338 4416 lacrimat
1353 4383 1469 4433 :parcam
1477 4375 1501 4416 te
1513 4367 1624 4440 vendere,
1637 4367 1729 4430 pande,

1098 4448 1143 4497 Sed
1156 4463 1212 4496 cum
1222 4447 1351 4514 Zenopbile
1361 4449 1414 4497 vive
1424 4463 1542 4512 maneque
1553 4463 1614 4498 mea.

1357 4601 1410 4648 179·
1428 4601 1546 4634 uusnsst.

1065 4723 1110 4768 Per
1122 4723 1240 4768 Venerem
1253 4719 1352 4770 [laminis
1364 4737 1431 4770 uram
1441 4721 1612 4787 crepitantibus
1623 4737 1699 4780 arcto,

1098 4799 1344 4866 &pharetramque
1356 4801 1401 4852 lert
1413 4803 1467 4859 tela,
1481 4802 1581 4868 Cupido.
1599 4811 1672 4850 tuam.

1065 4885 1114 4931 Cur
1122 4880 1210 4929 etenim
1221 4881 1305 4930 simiam
1319 4892 1437 4948 torquens,
1451 4899 1512 4949 puer
1524 4883 1642 4948 improbe,
1657 4897 1740 4932 nasama

1097 4963 1187 5013 Rides?
1197 4965 1336 5015 sardonicus
1347 4966 1394 5030 jam
1407 4966 1450 5015 tibi
1461 4967 1520 5015 rictu
1534 4966 1589 5015 erit.

1065 5044 1139 5105 Quid,
1152 5043 1195 5094 tibi
1207 5045 1226 5093 si
1240 5061 1327 5110 pennas
1337 5061 1450 5107 resecem,
1459 5045 1546 5111 quilms
1558 5061 1613 5094 acra
1627 5045 1711 5102 sulcas,

1097 5129 1126 5174 Et
1135 5125 1194 5175 dura
1207 5127 1302 5192 religcm
1314 5128 1426 5193 compede
1440 5143 1510 5177 cntra
1520 5128 1583 5177 tibi?

1065 5207 1109 5256 Sed
1124 5207 1224 5258 Cotlmca
1239 5209 1299 5258 loret
1309 5208 1420 5271 victoria;
1433 5209 1451 5258 si
1464 5208 1523 5258 mihi
1536 5219 1613 5258 terum
