4018 5938
261 430 300 488 26
816 414 1068 476 ANTHOLOGIAE
1091 413 1289 472 I’hLATINAE

263 551 375 632 ἇγλαίῃ·
388 557 481 634 χαλκῷ
493 551 542 632 γθερ
558 550 683 608 ἂνέπλεκε
698 546 805 612 καίλλεος
819 549 916 624 αύγὴν,

262 650 330 708 τοῖος
342 639 390 699 ἐὼν
400 685 408 715 ,
419 631 470 706 oid<
487 661 536 718 περ
552 641 578 696 ἐν
590 635 700 706 Ἀτθίδι,
721 639 814 711 μητέρι
831 634 935 708 μύθων,

223 759 249 796 ες
265 730 373 806 ἀνδράσι
388 727 564 801 Κεκροπίδησι
578 724 725 802 πολύφρονα
745 727 822 798 μῆτιν
834 721 954 800 ἀγείρων.

303 815 407 896 Χρύσης
424 814 447 871 δ’
468 807 522 870 αὖθ’
535 809 615 890 ἱερεύς
633 811 714 873 πέλας
729 807 835 878 ἵστατο,
854 805 967 885 δεξιτερῇ
989 807 1036 882 μὲν

263 907 395 979 σκῆπτρον
410 899 586 976 ἀνασχόμενος
606 895 750 965 horditus,
767 897 792 952 έν
811 896 838 951 δὲ
852 894 958 972 καρήνῳ

255 991 368 1064 στέμμα
383 987 481 1066 φέρων·
491 983 595 1060 μεγέθει
607 984 633 1040 δὲ
646 981 805 1056 κεκασμένος
817 981 913 1058 ἔπρεπε
925 985 1035 1061 μοριρῆς,

261 1064 303 1132 οἷό
318 1097 366 1150 περ
378 1071 470 1149 ἡρώων
485 1071 552 1148 ἱερὸν
566 1070 650 1147 γένος·
662 1073 696 1134 ὡς
711 1069 792 1125 δοκέω
807 1067 851 1139 δὲ,

222 1174 248 1211 θα
262 1159 391 1238 Ἀτρείδην
407 1159 520 1215 ἱκέτευε·
537 1155 615 1233 βαθὺς
626 1156 652 1212 δέ
666 1159 689 1212 οἱ
705 1155 779 1225 ἤνθει
791 1153 904 1229 πώγων,

262 1245 306 1304 καὶ
321 1248 418 1314 ταναῆς
429 1244 558 1308 ἄπλεκτος
573 1241 678 1319 ἐσύρετο
694 1240 785 1318 βότρυς
798 1241 903 1316 ἐθείρης.

301 1333 404 1408 Καῖσαρ
420 1332 444 1387 θ’
456 1329 531 1406 ἐγγύς
549 1329 665 1404 ἔλαμπεν
680 1327 801 1398 Ἰούλιος,
812 1330 837 1392 ὅς
852 1352 915 1384 ποτε
927 1325 1036 1403 Ῥώμην

265 1419 387 1476 ἀντιόίων
404 1421 510 1496 ἔστεψεν
525 1417 693 1494 ύμετρήτυισι
713 1414 817 1492 βοείαις.

261 1509 357 1584 Αἰγίδα
374 1507 421 1583 μὲν
437 1508 599 1583 βλοσυρῶπιν
616 1502 754 1578 ἐπωμαδὸν
774 1493 819 1572 ἦεν
837 1500 944 1578 ἀείρων,

221 1612 247 1650 su
261 1594 374 1673 δεξιτερῇ
385 1594 411 1650 δὲ
425 1593 548 1672 κεραυνὸν
562 1593 691 1668 ἀγάλλετο
705 1589 775 1668 χειρί
790 1591 917 1664 κομίζων,

260 1674 302 1740 οἷα
319 1684 381 1749 Ζεύς
395 1681 450 1748 νέος
461 1681 537 1745 ἄλλος
549 1684 574 1737 ἐν
590 1677 753 1738 Αύσονίοισιν
767 1678 877 1734 ἀκούων.

300 1768 426 1840 Blestium
446 1769 473 1826 di
494 1767 604 1826 ΙΙλαίτων
620 1767 775 1839 θεοείκελος,
790 1766 874 1842 dupin
886 1763 1005 1834 ΙἈθήναις

262 1857 344 1924 δείξας
362 1859 465 1936 αρυπτθ.
478 1857 585 1915 κέλευθα
601 1857 760 1934 θεοκράντων
771 1855 896 1932 ἀρετάων.

301 1940 397 2016 Ἄλλην
413 1947 435 2002 δ’
450 1943 618 2020 εὐπατέρειαν
629 1942 682 1999 ἴδον
694 1945 793 2020 Ιχρυσῆν
809 1939 974 2018 Ἀφροδίτην,

211 2056 249 2096 too
261 2031 361 2108 γυμνὴν
374 2030 586 2105 παμφανόωσαν·
599 2027 641 2084 ἐπὶ
658 2029 769 2106 στέρνων
786 2027 811 2083 δὲ
826 2028 928 2094 θεαίνης

262 2117 369 2198 αὐχένος
384 2117 409 2184 ἐξ
422 2117 529 2175 ύπαίτοιο
543 2117 628 2192 χυθεὶς
640 2117 766 2181 έλελιζετο
775 2115 874 2178 κεστός,

300 2206 406 2265 Ἵστατο
417 2207 440 2262 δ’
455 2203 661 2283 Ἔρμαρρόδιτος
673 2205 815 2280 ἐπήρατος,
826 2199 880 2259 οὗθ’
891 2201 948 2266 ὅλος
958 2201 1034 2278 ἀνὴρ,

262 2292 318 2351 οὐδὲ
332 2291 410 2368 γυνή·
422 2292 512 2367 μικτὸν
523 2291 573 2368 γὰρ
588 2291 632 2360 ἔην
645 2289 778 2368 βρέτας·ἠ
799 2289 868 2366 τοίχα
881 2295 970 2366 κοῦρον

264 2379 393 2456 Κύπριδος
408 2380 543 2438 εὐκόλποιο
557 2377 601 2436 καὶ
612 2376 767 2456 Ἐρμόωνος
783 2377 884 2454 trieben·

211 2496 248 2534 τοι
263 2468 358 2542 μαζούς
370 2467 416 2540 μὲν
429 2467 605 2546 σρριγόωντας
616 2465 755 2548 ἐδείκνυεν,
770 2455 849 2521 οἷοίτε
863 2464 957 2540 κούρη·

264 2558 355 2630 σχῆμα
371 2551 398 2610 δὲ
420 2561 501 2610 πᾶσιν
516 2553 603 2630 ionius
623 2550 783 2627 ρυτοσπόρον
809 2551 912 2626 ἄρσενος
934 2552 1036 2618 αἰδοῦς,

264 2639 335 2708 Iuni<
349 2635 456 2714 ἀγλαίης
467 2639 645 2716 κεκερασμένα
659 2637 765 2711 σήματα
779 2639 885 2712 φαίνων,

259 2739 262 2754 ¹
303 2725 452 2802 ῘΙαρθενικὴ
466 2725 488 2781 δ’
505 2725 615 2800 Ἠριννα
627 2725 758 2804 λιγύθροος
772 2725 843 2792 ἕζετο
861 2723 958 2802 κούρη,

268 2813 297 2868 ού
313 2812 386 2886 μίτον
400 2811 566 2890 ἀμραρόωσα
581 2809 763 2882 πολύπλοκον,
778 2813 836 2868 ἀλλ’
847 2811 883 2868 ἐνὶ
898 2815 958 2888 σιγῇ

214 2921 252 2958 tte
265 2901 390 2975 Πιερικῆς
406 2898 568 2976 ραθύμιγγας
584 2899 785 2957 ἀποσταλοίουσα
802 2900 936 2974 μελίσσης.

1079 543 1183 594 τίθεται
1196 543 1238 593 reri
1251 543 1316 592 enirn
1324 541 1475 592 admiscebat
1483 540 1673 604 pulchritudinis
1684 543 1793 605 radium,

1076 633 1132 681 tatis
1147 631 1353 694 stnns‚.quatisirr
1367 629 1457 690 Attica,
1468 633 1546 679 matre
1553 643 1707 690 sermonum,

1077 719 1135 769 viris
1145 718 1284 781 Cecropidis
1295 717 1403 781 prudens
1415 717 1543 767 eonsilium
1555 730 1645 768 serens.

1107 811 1219 856 Cunissa
1229 820 1316 856 rursus
1329 805 1443 856 sacerdos
1454 819 1529 868 prope
1542 806 1622 866 steht,
1635 806 1720 856 dentre
1731 807 1831 870 quidem

1077 900 1201 957 sceptrum
1214 893 1358 944 tenensPhe
1366 894 1452 954 heum,
1464 893 1489 944 in
1500 893 1578 955 rapite
1588 895 1671 944 autem

1077 997 1188 1032 somnam
1201 986 1298 1046 gestures
1310 983 1402 1046 (grandi
1416 983 1455 1032 ille
1469 983 1547 1032 sonna
1560 981 1694 1042 eminebat,

1077 1073 1141 1136 quati
1156 1085 1252 1121 suerum
1262 1071 1365 1120 heroum
1376 1083 1452 1134 genus
1462 1071 1481 1131 );
1496 1073 1572 1132 utque
1583 1068 1676 1132 opinor,
1717 1059 1729 1078 ⁸

1077 1161 1175 1210 Atriden
1185 1160 1341 1223 imploratae
1357 1160 1447 1223 pretim
1459 1163 1542 1208 autem
1557 1159 1579 1208 ei
1594 1158 1794 1217 damnatorem,

1077 1256 1101 1301 et
1115 1253 1191 1316 longae
1202 1253 1307 1301 iucomta
1321 1249 1462 1300 trahebatur
1471 1263 1518 1298 ure
1527 1249 1643 1300 ueneriei.

1109 1344 1190 1389 lauras
1202 1342 1288 1388 Casan
1301 1352 1376 1401 prope
1387 1337 1541 1400 splendebat,
1552 1337 1594 1400 qui
1610 1336 1741 1398 aliquando
1755 1338 1856 1385 Itoruern

1078 1426 1185 1476 hostium
1198 1426 1333 1476 innumeris
1347 1425 1472 1475 decorauit
1482 1425 1554 1474 corita
1564 1424 1670 1474 bubuIIs.

1078 1515 1164 1576 AEg'da
1173 1513 1271 1576 quidem
1285 1512 1424 1562 horribilem
1436 1511 1540 1562 humem
1552 1513 1675 1575 gestabat,

1079 1602 1162 1652 dextra
1174 1616 1232 1650 uere
1246 1615 1321 1650 manu
1339 1602 1429 1652 iulruen
1442 1601 1576 1650 exsultabat
1592 1601 1684 1660 terens,

1079 1689 1149 1752 quasi
1165 1688 1226 1738 aiter
1241 1687 1514 1751 iupiternorusdictus
1524 1688 1586 1737 inter
1601 1687 1729 1737 Ausonios.

1110 1775 1209 1826 Adstitit
1222 1779 1302 1826 Puero
1314 1789 1412 1838 quoque
1425 1775 1536 1835 diuum,
1552 1775 1595 1837 qui
1609 1773 1702 1838 pridem
1713 1773 1814 1824 sthene

1079 1865 1187 1913 occultas
1196 1863 1339 1912 monstrarit
1353 1863 1407 1912 rins
1422 1862 1557 1911 celestium
1572 1861 1700 1911 uirtutum.

1111 1951 1187 2000 Aliam
1205 1949 1395 2011 indesidebem‚
1413 1951 1658 2013 clero-peirenatem.
1676 1953 1860 1998 aureamt'anu-

1080 2038 1183 2096 nudam,
1193 2037 1408 2094 totam-nitentem
1419 2034 1497 2084 sedin
1507 2037 1604 2096 pectore
1615 2033 1668 2083 deae
1791 2035 1858 2098 pnes,

1080 2140 1107 2176 ex
1126 2139 1222 2176 summa
1236 2124 1329 2173 ceruice
1339 2125 1410 2172 tirsus
1424 2121 1607 2172 concutiebatur
1615 2125 1704 2171 cestus.

1111 2214 1193 2264 Stabat
1201 2213 1235 2276 ibi
1247 2217 1271 2262 et
1281 2216 1500 2261 Hanununnonrrus
1513 2210 1635 2270 amabitis,
1646 2225 1725 2273 neque
1737 2215 1805 2261 totus
1814 2213 1859 2271 uir,

1082 2317 1161 2365 neque
1173 2301 1261 2351 mulier
1272 2321 1278 2348 ι
1290 2301 1364 2349 mixte
1376 2300 1441 2348 enim
1452 2302 1502 2348 erat
1513 2298 1592 2362 imago
1603 2313 1674 2349 :sene
1681 2299 1751 2349 iacile
1757 2314 1861 2362 puerum

1081 2391 1191 2456 Cypridis
1203 2403 1344 2440 memmosee
1355 2393 1380 2438 et
1389 2388 1499 2438 Mercurii
1508 2387 1577 2437 dires
1593 2408 1598 2436 ι

1080 2492 1199 2528 mammas
1211 2477 1309 2540 quidem
1321 2479 1447 2540 turgentes
1457 2474 1620 2533 monstrabat,
1636 2475 1664 2523 ut
1676 2474 1768 2535 puelle3

1081 2568 1125 2617 sed
1138 2569 1239 2616 sormam
1249 2568 1403 2628 generantem
1417 2563 1493 2612 uirilis
1502 2562 1608 2626 pudendi
1624 2561 1738 2611 erunibus
1751 2561 1862 2612 ostende

1082 2651 1631 2717 eommunisspeeieimirtasignamonstrans.
1796 2649 1861 2712 [bat.

1113 2741 1187 2802 t'irgo
1201 2743 1283 2789 eutero
1293 2742 1387 2790 Errant
1397 2737 1511 2797 sedebat,
1522 2750 1609 2786 canora
1618 2735 1710 2798 puella,

1081 2841 1129 2875 non
1147 2828 1187 2876 fita
1196 2831 1302 2876 tractans
1312 2825 1563 2888 muttiptiriier-nexs,
1575 2823 1618 2873 sed
1632 2823 1728 2873 silentio

1083 2916 1169 2965 Pterim
1185 2919 1267 2978 guttas
1278 2915 1331 2977 apris
1343 2914 1475 2963 destillans.
1784 2911 1862 2974 [ditas

305 2987 381 3056 Μθῖῑ
403 2987 481 3064 λίπῃς
497 2987 665 3063 Τέρπανδρον
687 2979 807 3064 slopan,
823 2977 852 3044 ab
868 2987 938 3064 τάχα
962 2987 1038 3064 φαίης
1113 3005 1178 3052 Neue
1196 3007 1307 3052 transeas
1319 3005 1484 3072 'tenementis
1498 3000 1683 3063 suaritoquum‚
1702 3001 1773 3063 cujus
1792 3001 1867 3050 leode

265 3071 395 3150 ἔμπνοον,
410 3075 457 3131 οὐκ
471 3073 596 3152 ἄρθογγον
612 3075 673 3131 ἰδεῖν
684 3073 790 3151 βρέτας·
805 3077 839 3138 ὡς
849 3075 899 3154 γδρ
912 3069 973 3150 ὀίω,

266 3161 412 3234 κινυμέναις
426 3161 599 3240 πραπίδεσσιν
612 3161 737 3218 ἀνέπλεκε
752 3162 864 3236 μύστιδα
879 3161 992 3236 μολπὴν,

266 3346 476 3411 Membrorumque
489 3347 553 3410 rigor
562 3347 673 3411 juvenilis
690 3349 714 3396 iu
728 3365 774 3396 aere
790 3360 897 3396 corruent

268 3428 332 3476 'i'aiis
346 3427 428 3487 adest,
442 3428 518 3492 qrreiis
529 3437 647 3492 spectatus
661 3429 684 3476 in
697 3429 796 3478 Atthide
810 3431 879 3478 turha

266 3508 370 3558 Consilio
383 3509 498 3573 prudente
517 3509 593 3557 tribus
609 3510 735 3574 linguaque
746 3509 864 3558 trahebat.

534 3661 603 3706 xvt.
624 3661 660 3706 De
680 3655 777 3722 Chryse.

268 3794 322 3840 Non
335 3791 417 3855 procui
431 3790 486 3839 inde
502 3791 561 3855 gerit
574 3789 676 3856 Chryses
688 3789 790 3839 Phoebea
802 3790 913 3838 sacerdos

268 3879 364 3938 Sceptra
376 3890 446 3922 manu
455 3910 462 3934 ,
472 3890 537 3923 saera
549 3873 627 3922 crines
639 3874 737 3950 uetante
745 3889 833 3921 corona
847 3889 853 3921 :

269 3960 359 4005 Tantus
371 3956 453 4004 Irontis
472 3955 559 4016 honor,
572 3965 673 4004 taurese
686 3973 786 4021 corpore
799 3955 862 4004 tollit
879 3970 884 4004 :

270 4041 376 4086 Heroum
391 4046 456 4102 patet
466 4053 515 4084 esse
524 4053 596 4100 genus
613 4054 618 4085 :
635 4037 660 4084 ni
675 4037 753 4096 failor,
768 4037 856 4084 Atridae

270 4121 405 4185 θεωρικοῖς
420 4119 449 4167 ad
460 4129 540 4183 peetus
554 4119 686 4167 demittitur
701 4119 792 4184 hispide
808 4119 880 4168 barbe
889 4155 900 4177 ,

271 4207 299 4252 lit
313 4204 388 4266 gratis
405 4204 494 4251 inculto
507 4203 595 4268 pendet
606 4203 636 4250 de
650 4202 716 4250 crine
728 4202 863 4266 oorynrbus.

486 4341 567 4386 xvtt.
587 4341 623 4385 De
641 4335 704 4384 lolio
722 4340 824 4385 Coesore.

272 4474 349 4526 lulius
362 4472 406 4522 hos
420 4474 527 4537 sequitur
539 4475 623 4534 Caesen,
635 4490 682 4538 quo
695 4474 792 4539 praeside
807 4478 882 4522 home

274 4555 385 4604 ilostihus
396 4563 489 4619 ereptos
499 4564 619 4603 erutorum
634 4555 693 4603 sidit
705 4569 799 4602 aceruos
811 4571 817 4604 :

273 4641 351 4685 'I'ort'a
362 4646 431 4685 triens
442 4635 549 4685 humeris
565 4637 698 4700 ingentibus
713 4637 797 4686 insidet
808 4638 861 4701 egis
874 4653 880 4686 ι

274 4719 388 4768 Fulminis
399 4720 551 4770 horrisonum
562 4720 685 4769 minitetur
696 4723 794 4770 dextere
806 4721 880 4769 telum
891 4737 897 4770 ι

276 4804 344 4851 Alter
358 4801 397 4852 hio
410 4813 445 4851 est
460 4801 542 4873 patriae
555 4803 650 4852 Latialis
661 4805 771 4868 Iuppiter
786 4803 848 4854 urbi.

521 4939 615 4986 xvttt.
634 4941 670 4985 De
689 4935 795 4986 Pintone.

278 5073 328 5118 Stet
340 5069 405 5118 Plato
418 5086 460 5134 por
472 5071 582 5135 Superis,
596 5071 638 5135 qui
649 5107 656 5129 ‚
669 5071 731 5135 rpttod
741 5071 784 5119 suh
797 5082 865 5121 nocte
878 5073 982 5135 istebat,

280 5152 371 5202 uicina
382 5151 477 5203 uirtutis
489 5154 534 5203 iter
544 5154 650 5219 praeluxit
665 5153 771 5203 Athenis.

1081 3091 1226 3153 spirantem,
1235 3104 1282 3139 non
1296 3089 1489 3150 mutam‚videre
1498 3088 1639 3151 hnsgInem:
1651 3092 1680 3138 ut
1691 3089 1757 3137 enim
1769 3088 1855 3151 opIner

1082 3175 1209 3226 commotis
1222 3175 1364 3239 precordiis
1374 3175 1483 3238 tingebat
1501 3175 1631 3238 mysticum
1645 3179 1756 3237 rantum,

1242 3433 1244 3442 Ι
1320 3376 1389 3420 tttx.
1409 3377 1447 3420 De
1466 3375 1554 3420 Venere
1571 3372 1629 3422 olio.

1089 3499 1172 3548 Altera
1184 3507 1308 3562 conspecte
1322 3493 1357 3546 est
1371 3497 1444 3546 etiam
1454 3501 1535 3547 Venus
1544 3514 1616 3547 atrrea
1630 3497 1718 3558 nohis,

1089 3583 1165 3646 Digne
1174 3582 1239 3631 letis
1251 3582 1359 3643 soboles,
1371 3581 1473 3630 iormoso
1485 3599 1586 3647 corpore
1600 3590 1651 3630 toto

1089 3665 1175 3726 Nudo,
1187 3666 1228 3714 sed
1240 3681 1269 3713 ει
1282 3676 1364 3714 tenera
1377 3674 1454 3714 cestim
1465 3667 1557 3715 ceruice
1569 3665 1667 3714 iiuebet.

1303 3792 1364 3839 xx.
1383 3793 1420 3838 De
1436 3789 1648 3857 Hermaphrodito.

1090 3911 1304 3977 Hermaphroditus
1316 3913 1382 3961 adest
1393 3949 1400 3970 ,
1413 3929 1458 3961 nee
1472 3913 1521 3974 sir,
1532 3929 1576 3962 nec
1587 3913 1674 3962 iemine
1689 3922 1766 3968 tetras.

1091 3995 1166 4042 Mixto
1176 3995 1216 4042 sed
1230 3993 1317 4057 effigies
1331 4010 1337 4044 :
1351 4003 1480 4058 conspectu
1494 3995 1601 4059 eorporis
1614 3995 1691 4060 ipsum

1092 4077 1212 4126 Mercurio
1224 4077 1287 4126 clides
1300 4087 1323 4124 et
1339 4076 1439 4142 pulchre
1451 4077 1554 4141 Cypride
1567 4087 1658 4126 natum.

1091 4163 1209 4207 Monstrat
1224 4159 1328 4222 uirgineo
1339 4167 1457 4220 turgentes
1472 4174 1537 4208 utone
1552 4159 1666 4224 pupillas,

1092 4243 1211 4288 Monstrat
1222 4239 1252 4288 ab
1265 4240 1399 4302 inguinibus
1409 4249 1487 4304 portes
1500 4239 1551 4288 sine
1566 4249 1629 4288 reste
1641 4249 1768 4304 paternos,

1092 4324 1169 4372 Misia
1183 4339 1265 4387 gerens
1277 4322 1370 4386 gemino
1380 4321 1409 4370 de
1422 4330 1479 4370 sexti
1490 4321 1554 4386 sigua
1566 4321 1667 4373 decoris.

1353 4449 1426 4495 xxi.
1442 4451 1478 4493 De
1496 4447 1597 4497 Er'r'nno.

1092 4571 1138 4619 llio
1149 4571 1239 4620 Erinna
1251 4569 1331 4628 sedet,
1346 4568 1410 4632 virgo
1421 4579 1517 4618 cantare
1530 4569 1607 4635 perita
1623 4585 1629 4618 :

1093 4659 1167 4704 Pensa
1179 4670 1249 4704 manu
1261 4657 1307 4702 nori
1327 4661 1425 4712 troctnt;
1439 4653 1489 4717 epis
1500 4655 1540 4701 sed
1553 4653 1633 4702 serinia
1645 4669 1712 4702 more

1096 4735 1199 4788 Pierium
1217 4736 1289 4784 tacito
1303 4735 1407 4784 destillat
1420 4742 1517 4800 pectore
1531 4743 1620 4784 ιιευῑαι.

1331 4864 1415 4910 stitit.
1435 4865 1472 4910 De
1488 4859 1635 4930 Terpnndro.

1096 4994 1140 5043 set
1152 5010 1233 5060 neque
1239 4995 1376 5060 Terpander
1389 4994 1432 5043 tibi
1445 4995 1637 5061 praetereundus3
1653 4995 1742 5062 inipso

1095 5077 1150 5122 lEre
1163 5074 1238 5123 uirum
1255 5075 1345 5140 spirare
1359 5083 1427 5139 putes
1443 5091 1449 5125 :
1466 5074 1500 5124 ita
1514 5075 1605 5124 uiuidus
1618 5093 1674 5126 eece

1097 5155 1180 5205 Dulcia
1195 5156 1280 5206 divinis
1294 5157 1422 5205 meditatur
1434 5157 1538 5207 earmina
1551 5157 1614 5206 curis
1630 5173 1636 5207 :
