4018 5938
299 432 338 491 28
864 423 1117 484 ANTIIOLOGIAE
1140 421 1341 482 PALA'IINAE

299 557 409 636 ἀγλαίης
423 559 546 618 πνείουσα
556 557 622 640 σοφή
634 554 807 635 capitalium
818 555 908 627 αἰδὼς,

300 649 418 706 θέσκελον
430 649 589 725 ἀγγέλλουσα
601 648 672 723 γένος
686 649 783 726 χρυσῆς
795 643 954 724 Ἀφροδίτης.

340 735 497 813 Ἠγασάμην
515 736 541 793 δέ
563 736 696 810 Κρέουσαν
715 732 775 792 ἰδὼν
799 733 943 807 πενθήμονι
966 732 1072 813 κόσμῳ,

300 821 434 900 σύγγαμον
455 824 558 881 Αἰνείαο
576 823 734 880 κατάσκιον·
750 822 817 898 ἀμφὶ
831 821 880 898 γάρ
895 822 985 887 αὐταῖς

248 933 287 974 tao
300 912 455 990 ἀμφοτέραις
470 910 613 988 κρήδεμνον
625 909 804 988 ἐφελκύσσασα
820 916 954 984 παρειαῖς,

299 999 385 1058 πάντα
400 996 473 1074 πέριξ
489 999 603 1075 ἐκάλυψε
618 997 757 1065 ποδηνεκέι·
770 997 839 1074 χρόα
853 994 965 1072 πέπλῳ,

299 1077 341 1144 οἷά
355 1109 382 1143 τε
397 1084 587 1161 μυρομένη·τά
603 1083 629 1142 δὲ
643 1084 745 1162 χάλκεα
759 1085 858 1162 δάκρυα
873 1083 974 1163 νύμφης

298 1173 370 1252 Ἀρεῖ
383 1174 548 1248 δουρίκτητον
565 1171 735 1246 ἐμαντεύοντο
746 1173 869 1247 τιθήνην,

298 1255 378 1317 Ἴλιον
389 1258 539 1337 Ἀργείοισιν
553 1258 672 1333 έελμένον
685 1257 865 1323 ἀσπιδιόιταις.

246 1361 284 1400 tet
339 1346 403 1405 (tia'
417 1345 528 1412 Ἕλενος
542 1347 637 1405 κοτέων
653 1346 817 1405 ἀπεπαύετο·
832 1345 938 1424 πατρίδι
952 1345 1033 1418 νηλής

298 1432 405 1513 φαίνετο
419 1433 525 1492 δινεύων
538 1434 575 1491 έτι
587 1455 636 1490 που
649 1433 739 1510 χόλον·
753 1424 784 1503 lv
800 1431 846 1507 μὲν
862 1431 954 1512 ἀείρων

299 1521 413 1600 δεξιτερῇ
426 1523 521 1602 φιάλην
536 1519 693 1580 έπιλοίύιον·
705 1525 739 1584 ὡς
756 1517 838 1576 δοκέω
851 1521 896 1589 δὲ,

226 1647 230 1656 ⁴
298 1610 378 1670 ἀσθλδι
393 1611 440 1684 μέν
458 1608 580 1688 Ἀργείοις
595 1607 749 1682 μαντεύετο,
763 1607 841 1666 καδδὲ
861 1605 964 1678 τιθήνης

299 1699 436 1764 ἀθανάτοις
452 1701 534 1776 ἠρᾶτο
550 1695 701 1754 πανύστατα
717 1696 830 1770 πήματα
843 1695 951 1772 φαίνειν.

247 1804 285 1844 too
339 1784 506 1865 Ἀνδρομάχη
519 1785 541 1842 δ’
551 1781 645 1854 ἕστηκε
661 1783 814 1862 ῥοδόσφυρος
824 1781 974 1853 Ἧετιώνη,

300 1871 355 1932 οὗτε
371 1871 430 1948 γόον
446 1872 596 1930 σταλάουσα
612 1869 785 1932 πολύστονον·
798 1874 832 1936 ὡς
844 1869 894 1946 γὰρ
908 1869 973 1940 ἀίω,

299 1959 372 2018 οὔπω
385 1961 421 2018 ἐνί
431 1959 557 2038 πτολέμῳ
565 1959 730 2036 κορυθαίολος
744 1958 838 2036 ἤριπεν
854 1953 972 2035 Ἕκτωρ,

300 2049 356 2106 οὐδὲ
373 2046 553 2125 φερεσσακέων
570 2045 723 2123 θπερήνορες
737 2038 787 2112 υἷες
803 2045 914 2124 Ἀχαιῶν

300 2135 447 2208 Δαρδανίην
460 2133 598 2210 ξύμπασαν
613 2130 769 2202 ε’ληίσσαντο
778 2135 898 2202 τιθήνην.

246 2241 284 2280 toa
338 2215 391 2282 Ἦν
405 2222 426 2280 δ’
446 2225 538 2280 ἐσιδεῖν
552 2223 683 2281 Μενέλαον
700 2222 808 2299 ἀρήϊον,
820 2223 876 2276 ἀλλ’
887 2218 930 2276 ε’πί
944 2219 1011 2296 νίκῃ.

298 2311 453 2388 γηθόσυνον·
470 2313 591 2388 σχεδόθεν
606 2309 655 2387 γάρ
669 2311 794 2367 ἐθάλπετο
808 2309 926 2385 χάρματι
943 2309 1033 2386 πολλῷ

298 2400 450 2477 δερκόμενος
461 2398 606 2480 ῥοδόπηχυν
617 2398 747 2473 ὁμόφρονα
759 2393 954 2471 ΤυνδαρειίνιςνΙ

338 2485 497 2560 Ἰίγασάμην
514 2485 535 2540 δ’
546 2483 653 2552 Ἑλένης
667 2485 756 2559 ἐρατὸν
772 2482 866 2548 τύπον,
878 2480 934 2538 θττι
948 2482 993 2538 καὶ
1002 2483 1072 2560 αὐτῷ

299 2575 392 2650 χαλκῷ
404 2571 501 2646 κόσμον
517 2571 597 2629 ἔδωκε
609 2569 763 2646 πανίμερον·
776 2561 872 2644 άγλτίη
883 2568 933 2647 γὰρ

247 2672 285 2713 110
301 2658 376 2716 ἔπνεε
389 2658 481 2736 θἐρμδν
493 2657 576 2736 ἔρωτα
592 2656 635 2711 καί
648 2657 742 2732 ἀψύχῳ
757 2655 794 2711 ἐνὶ
804 2655 892 2731 τέχνῃ.

341 2747 457 2809 Πυκναὶς
472 2744 499 2800 δέ
514 2743 687 2820 πραπίδεσσιν
703 2743 831 2817 ἀγάλλετο
849 2744 901 2806 δῖος
922 2741 1070 2810 Ὀδυσσεύς·

299 2833 328 2892 οθ
342 2834 392 2910 γάρ
405 2829 450 2902 ἔην
465 2832 591 2888 ἀπάνευθε
604 2831 807 2907 πολυστρέπτοιο
822 2833 953 2906 μενοινῆς,

300 2922 357 2979 ἀλλ’
373 2917 411 2974 ἔτι
425 2919 522 2994 κόσμον
538 2918 625 2996 ἔφαινε
641 2923 722 2994 σοφῆς
739 2917 842 2995 φρενός·
855 2909 886 2986 ἦν
905 2920 927 2974 δ’
939 2919 976 2975 ἐνὶ
996 2923 1070 2996 θυμῷ

299 3005 472 3084 καγχαλόων·
485 3003 582 3083 Τροίην
597 3004 646 3079 γάρ
660 3003 748 3080 ἐγέθεε
762 3013 847 3060 πᾶσαν
862 3005 971 3070 ὀλέσσας

247 3109 285 3150 tta
299 3085 345 3173 ᾖσι
360 3093 573 3172 δολοφροσύνησι.
616 3089 653 3150 Σύ
678 3091 699 3149 δ’
716 3089 844 3168 Ἕκτορος
866 3092 952 3150 ἔννεπε
973 3097 1065 3170 μῆτερ,

298 3183 337 3248 τίς
351 3204 395 3253 σε,
409 3179 583 3254 πολυτλήμων
598 3177 701 3250 Ἑκάόη
713 3226 719 3244 ,
731 3179 768 3244 τίς
784 3180 882 3260 δάκρυα
894 3179 991 3238 laidem

300 3269 438 3329 ἀθανάτων
454 3267 565 3334 ἐδίδαξεν
581 3263 709 3346 ἀφωνήτῳ
724 3267 760 3324 ἐνί
772 3266 879 3346 κόσμῳ;

299 3441 334 3486 Ex
346 3435 421 3484 oculis
432 3434 521 3500 pariter
533 3434 610 3498 pudor
624 3442 647 3480 et
661 3431 787 3497 prudentia
805 3440 916 3489 manant,

299 3518 459 3582 Dirinnmque
472 3516 539 3564 almae
548 3515 649 3563 Veneris
658 3529 730 3577 genus
741 3529 790 3560 csse
802 3513 945 3576 loquuntur.

554 3651 659 3695 XXVII.
680 3651 716 3694 De
735 3647 832 3694 Cremu.

301 3787 406 3854 Suspicio
420 3787 485 3835 cultu
498 3787 587 3834 luctum
600 3792 702 3832 testante
714 3786 843 3842 Creusam,

301 3876 379 3920 AEnear
392 3869 485 3933 dignam
498 3866 601 3915 thalamo
619 3867 671 3914 :sic
689 3866 777 3914 occulit
791 3879 845 3926 ora,

301 3955 481 4016 Purpureasque
492 3963 562 4011 genas
576 3948 642 3995 tenni
652 3947 696 3994 sibi
708 3947 770 3994 celat
783 3946 888 4006 amictu,

301 4015 420 4096 Nullaque
433 4030 557 4080 demissam
570 4039 659 4078 vestem
674 4045 728 4093 pars
741 4029 847 4094 corporis
861 4039 926 4078 extra
942 4039 985 4077 esti

301 4118 379 4177 Quam
390 4129 462 4162 saerus
473 4112 541 4160 dolor
555 4115 602 4158 esti
617 4119 717 4174 apparet
737 4109 805 4158 lictus
817 4110 842 4158 in
856 4127 909 4160 mre.

302 4201 364 4247 Nam
377 4196 449 4260 gemit
464 4194 544 4242 hostili
559 4192 662 4258 patriam
676 4192 720 4240 sub
735 4196 814 4241 Marte
827 4195 901 4242 teucri

302 4279 378 4333 Ilion,
395 4260 418 4325 ct
429 4275 516 4325 Priami
529 4279 622 4323 Danaos
634 4290 677 4339 per
689 4281 753 4322 tecta
768 4275 853 4337 vagari.

542 4414 661 4458 XXVIII.
681 4413 717 4476 ρο
735 4408 833 4458 Heleno.

302 4533 437 4584 Priamiden
448 4531 565 4579 Helenum
580 4546 656 4594 neque
669 4546 732 4577 nunc
747 4539 802 4578 trux
814 4529 850 4576 ira
860 4529 989 4594 relinquii;

301 4621 378 4666 Serus
390 4612 467 4662 adhuc
479 4611 561 4678 patriae
572 4620 620 4672 cst;
635 4627 665 4658 cn
678 4619 705 4658 ut
720 4610 832 4658 libamine
850 4605 943 4675 plenam

302 4703 391 4748 Dextra
403 4705 469 4745 tenet
482 4703 598 4760 pateram.
633 4694 656 4742 Si
671 4693 728 4756 quid
740 4691 799 4740 mibi
809 4693 898 4754 credis,
909 4692 1010 4764 bellicos

301 4781 387 4831 Omine
401 4778 550 4844 prosequitur
561 4777 615 4826 laeto
624 4814 631 4838 ‚
641 4792 784 4840 superosque
794 4785 911 4841 precatur,

301 4863 370 4928 Signa
385 4860 503 4910 laboranti
515 4859 573 4907 dent
582 4859 687 4907 exitialia
699 4859 785 4922 Trojae.

512 4997 608 5043 XXIX.
627 4998 663 5040 De
681 4990 856 5041 Arrdromucbe.

302 5113 386 5162 Adstat
395 5097 424 5161 ct¹
430 5111 597 5162 Andromache
607 5127 688 5176 regum
701 5127 774 5159 nurus
785 5110 883 5158 Eetionc
892 5148 899 5171 ,

302 5199 353 5246 Nec
365 5195 422 5257 tter,
435 5212 478 5246 nec
490 5196 601 5262 gemitum
610 5195 675 5244 ducit
686 5196 715 5244 de
727 5203 822 5260 pectore
836 5209 841 5243 :
855 5193 974 5250 nondum,

1115 554 1227 605 decorem
1236 555 1341 618 spirans,
1352 553 1459 618 prudeus
1468 553 1674 604 circumfunditur
1682 553 1767 619 pudor,

1116 644 1225 704 dunum
1237 657 1319 693 aurem
1327 643 1429 693 Veneris
1441 643 1555 693 nandans
1567 657 1652 707 genus.

1146 737 1177 784 Et
1193 724 1305 782 creusa·
1315 733 1449 782 admiratus
1462 746 1517 782 sum
1527 771 1533 794 ,
1544 736 1697 796 conspectam
1707 732 1776 782 cultu
1785 731 1897 796 lugubri,
1988 697 1989 744 ί

1116 823 1199 872 ΙΕιιεω
1213 823 1352 885 conjugem,
1363 821 1533 870 obumbratam
1544 841 1549 868 :
1560 821 1624 870 circa
1633 821 1697 883 ipsas
1705 821 1770 870 enbn

1116 923 1189 974 genas
1201 910 1285 959 ambas
1298 909 1431 960 deduxerat
1443 910 1525 960 velum
1536 913 1561 958 et
1600 945 1602 950 -

1115 1009 1284 1058 omnecorpus
1301 996 1575 1059 circumterit-ad-pedes
1587 996 1692 1046 demisso
1708 999 1791 1061 peplo,

1116 1087 1144 1132 ui
1155 1083 1253 1143 dolens;
1266 1097 1389 1146 aeneaeque
1401 1083 1510 1135 lacrimae
1519 1085 1629 1134 mulieris

1117 1145 1365 1235 blanebxpugnatam
1374 1171 1569 1222 vaticinabantur
1582 1171 1855 1238 nutricem(potrtanu‚

1116 1260 1186 1308 ilium
1196 1273 1308 1322 pressum
1325 1261 1356 1310 ab
1366 1260 1461 1324 sigliis
1470 1261 1599 1310 scutiferis.

1146 1351 1232 1410 Neque
1239 1351 1350 1397 Haemus
1357 1348 1468 1397 cassabat
1479 1349 1510 1398 ab
1518 1348 1554 1398 ira
1563 1369 1568 1396 ι
1577 1349 1601 1396 in
1610 1349 1713 1410 patriam
1722 1349 1898 1400 immisericors

1116 1435 1245 1499 apparebat
1252 1436 1384 1485 etiamnum
1391 1437 1502 1486 volumus
1509 1436 1898 1500 stomachum'foltebatqnidem

1116 1523 1212 1572 dextera
1222 1527 1329 1585 pateram
1342 1522 1373 1572 sd
1386 1523 1525 1584 libandum,
1542 1527 1579 1584 et,
1597 1524 1661 1574 sicut
1676 1525 1768 1586 opinor,

1117 1611 1197 1660 fausta
1208 1611 1383 1671 vaticinabatur
1395 1611 1501 1673 Argivis,
1512 1610 1630 1660 adversus
1643 1612 1760 1660 nutricem
1775 1625 1832 1661 vero

1091 1719 1095 1734 ·
1116 1698 1260 1760 precabatur
1269 1699 1416 1747 immortales
1430 1703 1459 1748 ut
1468 1702 1590 1762 postrema
1599 1700 1662 1749 mala
1673 1700 1797 1750 afferrent.

1134 1789 1402 1836 'Anononsonaantem
1411 1786 1601 1850 roseirpedibus
1613 1787 1692 1837 stabat
1700 1826 1707 1848 ‚
1716 1787 1897 1846 Eetionissrlia,
1988 1781 1989 1842 i

1116 1858 1899 1938 nonstillansqucrelammuimmgemcnt'em;utenimsuspicor,
1988 1873 1989 1914 i

1116 1961 1225 2040 nondum
1239 1961 1263 2010 in
1277 1961 1340 2012 bello
1352 1963 1461 2025 galeatus
1474 1963 1595 2012 ceciderat
1610 1966 1707 2025 Hector,
1988 1947 1989 1970 ¹

1116 2063 1161 2098 nco
1170 2053 1323 2100 scutatorum
1334 2051 1432 2114 superbi
1446 2051 1492 2100 sitii
1508 2052 1653 2115 Argimrnm

1116 2137 1261 2187 Dardaniam
1268 2141 1346 2188 totam
1355 2138 1557 2202 depraedabantur
1565 2140 1694 2190 nutricem.

1147 2229 1259 2287 spectare
1269 2230 1366 2287 poteras
1375 2227 1448 2275 ctiam
1458 2228 1572 2276 martium
1582 2231 1731 2287 Manassen,
1742 2227 1785 2277 sed
1796 2228 1900 2278 victoria

1115 2313 1201 2362 laetum
1218 2335 1224 2362 :
1237 2327 1311 2376 prope
1322 2314 1386 2362 cuim
1401 2313 1562 2364 incalescebat
1574 2329 1660 2378 niagno
1673 2315 1761 2378 gaudio

1115 2401 1265 2464 conspiciens
1277 2402 1420 2451 unanirnam·
1432 2403 1593 2464 tyndaridem
1608 2404 1770 2453 roseis-ulnis.

1147 2491 1287 2540 Amrrimtns
1302 2505 1356 2538 suin
1371 2493 1468 2540 Helenae
1479 2493 1606 2541 amabilem
1617 2493 1717 2541 femiam
1730 2513 1736 2542 :
1747 2495 1836 2556 quippo
1850 2494 1902 2556 ipsi

1116 2579 1158 2626 mci
1175 2577 1287 2627 decorem
1298 2565 1371 2627 dabat
1384 2579 1617 2628 desideratissimum
1635 2584 1766 2630 :uenustas
1776 2582 1842 2631 enim

1117 2665 1220 2715 calidum
1231 2679 1337 2714 amorem
1350 2666 1457 2727 spirabat
1469 2667 1541 2716 ctiam
1554 2669 1658 2716 inanima
1668 2669 1692 2716 in
1709 2672 1766 2718 arte.

1147 2755 1247 2806 cattinis
1260 2755 1401 2818 praecordiis
1413 2757 1534 2826 gaudebat
1547 2758 1603 2806 dius
1613 2761 1715 2808 [luisses
1733 2779 1739 2807 ι

1116 2859 1194 2908 neque
1205 2845 1269 2894 cuim
1282 2848 1334 2894 erat
1343 2845 1393 2894 sine
1403 2845 1443 2894 illa
1453 2847 1596 2908 cogitatione
1610 2849 1838 2906 summerersaiiii,

1117 2933 1160 2980 sed
1173 2931 1253 2980 adhuc
1264 2931 1338 2980 decus
1350 2931 1498 2981 monstrabat
1508 2932 1587 2980 dociae
1600 2932 1699 2986 mentis:
1711 2936 1735 2981 ct
1745 2933 1809 2994 apud
1824 2947 1849 2981 se

1116 3020 1223 3080 ridebat,
1239 3021 1346 3083 gaudens
1355 3019 1467 3068 videlicet
1479 3033 1575 3068 omnem
1587 3034 1613 3069 se
1627 3022 1722 3083 Troiam
1732 3019 1870 3082 perdidisse

1116 3108 1166 3156 suis
1176 3108 1279 3157 astutiis.
1313 3109 1350 3156 Tu
1363 3121 1421 3156 cero
1431 3106 1470 3154 dic
1480 3146 1486 3166 ‚
1497 3108 1608 3156 Hectoris
1618 3111 1704 3166 mater,

1115 3195 1169 3258 quis
1179 3199 1218 3256 tc,
1232 3195 1367 3244 miserrima
1381 3197 1480 3243 Hecura
1491 3234 1497 3254 ,
1510 3195 1565 3256 quis
1579 3197 1751 3244 immortalium

1114 3283 1226 3332 lacrimas
1236 3282 1364 3331 effundere
1376 3282 1460 3331 docuit
1469 3282 1493 3330 in
1503 3281 1548 3331 bac
1556 3287 1625 3332 muta
1638 3283 1756 3347 imagine?

1121 3432 1153 3476 Ut
1166 3444 1230 3488 reor,
1240 3431 1361 3476 AEmonins
1371 3439 1504 3494 raptaverat
1517 3434 1620 3479 Hectora
1631 3447 1727 3491 currus;

1120 3511 1232 3560 Nondum
1243 3511 1368 3559 Dardaniae
1380 3527 1475 3575 campos
1486 3523 1601 3574 vastarat,
1615 3522 1638 3562 et
1652 3515 1724 3562 urbes

1121 3593 1204 3641 Victor
1219 3593 1243 3640 in
1258 3592 1374 3656 Argolicis
1384 3592 1474 3656 iulgcns
1490 3596 1607 3644 exercitus
1625 3597 1704 3646 armis.
1752 3644 1756 3662 ,

1313 3757 1316 3762 v
1368 3733 1453 3778 XXX.
1473 3736 1509 3778 De
1530 3730 1648 3781 Menelao.

1123 3860 1165 3908 Vis
1176 3860 1248 3909 micat
1261 3859 1285 3909 in
1295 3861 1364 3910 vultu
1375 3863 1479 3910 Menelai
1494 3865 1596 3920 Martia,
1609 3864 1648 3912 sed
1662 3875 1718 3912 suist

1121 3943 1212 3992 Gaudia
1224 3944 1298 3992 mixta
1309 3943 1379 3992 simui
1387 3981 1398 4006 ,
1407 3945 1518 4009 quoniam
1533 3945 1629 3994 victoris
1641 3947 1670 3996 ad
1682 3949 1749 3995 ulnas

1122 4029 1245 4090 Spectatur
1257 4026 1353 4074 veniens
1364 4025 1524 4090 pulcherrima
1533 4029 1690 4091 Tyndarionc..

1375 4165 1473 4209 XXXI.
1493 4167 1529 4209 De
1547 4161 1644 4209 Helena.

1125 4286 1155 4329 lc
1168 4280 1238 4328 iacies
1250 4279 1346 4327 Helenae
1362 4295 1416 4326 iere
1429 4279 1557 4338 mirabilis3
1574 4279 1617 4342 ipsi

1122 4369 1229 4428 Namque
1243 4364 1282 4412 aeri
1295 4363 1359 4411 dedit
1370 4363 1410 4411 illa
1426 4363 1509 4424 dccus;
1520 4373 1651 4427 natumque
1666 4365 1689 4410 in
1702 4374 1752 4413 arte
1763 4375 1814 4428 cst,

1123 4450 1151 4494 Et
1166 4445 1234 4493 labor
1248 4444 1363 4493 exanimis
1373 4443 1498 4508 flagrantes
1509 4445 1581 4508 spirat
1591 4461 1690 4493 amores.

1294 4585 1405 4631 XXXII.
1425 4585 1461 4629 De
1480 4581 1560 4642 Uipsse
1577 4593 1599 4629 et
1616 4581 1721 4632 Hecuba.

1122 4701 1267 4766 Multiplices
1280 4701 1343 4751 inter
1356 4717 1423 4750 curas
1439 4701 1541 4750 exsultat
1557 4703 1664 4766 Ulysscs,

1122 4785 1219 4835 Consilii
1229 4801 1314 4834 uacuus
1325 4801 1473 4850 numquam:
1488 4801 1513 4834 se
1527 4794 1643 4834 monstrat
1651 4785 1675 4834 in
1690 4803 1731 4834 ore

1121 4867 1231 4931 Majestas
1242 4866 1314 4916 animi
1328 4883 1335 4916 :
1348 4867 1466 4916 taciturno
1478 4876 1573 4931 pectore
1586 4867 1651 4914 laetus

1121 4947 1193 4996 Ridet
1207 4947 1297 5006 adbuc,
1310 4948 1414 5012 Trojana
1426 4948 1474 4996 suis
1483 4947 1593 4996 cecidisse
1607 4947 1757 5012 triumphans

1121 5030 1210 5080 Moenia
1223 5040 1290 5080 rasta
1302 5031 1371 5082 dolis.
1406 5031 1451 5080 Sed
1463 5039 1500 5090 te,
1514 5031 1659 5080 maestissima
1672 5039 1747 5079 mater

1122 5112 1246 5173 Hectoris,
1258 5111 1284 5160 in
1294 5122 1360 5161 muta
1369 5129 1422 5162 cunr
1434 5121 1480 5160 stes
1495 5112 1620 5175 spectanda
1633 5110 1721 5175 sigma,

1049 5257 1056 5264 .
1124 5195 1184 5257 Quis
1196 5197 1314 5261 Superum
1325 5195 1404 5248 docuit
1416 5202 1494 5244 tantos
1508 5195 1616 5244 emittere
1629 5193 1715 5244 lictus?
