3936 5926
797 536 833 594 IN
856 533 980 594 CAPUT
1003 536 1063 594 Vll.

164 675 318 724 enixu...
340 677 353 721 5
366 688 392 734 γε
406 672 438 732 μὴ
453 671 488 718 ὅτι
500 671 662 718 liermannus.
677 666 814 728 legebatur
830 683 854 726 νε
866 667 910 726 μὴν

132 745 176 794 θτι.

163 881 290 930 coxxill.
308 881 372 936 -7,
388 882 410 927 8.
435 897 446 920 ι
469 876 589 924 Ultimum
606 874 653 922 hoe
674 873 795 923 distichon
808 872 867 920 nilid
880 871 911 920 ad

133 955 213 1000 cetera
234 947 349 1012 pertinet,
372 946 416 995 sed
440 943 581 1009 ponendum
605 943 629 992 in
653 942 701 993 fine
731 940 912 1006 epigrammatis

133 1025 187 1080 tei,
206 1017 324 1082 Antipatri
345 1016 465 1080 ejusdem.
479 1036 490 1057 ι
504 1018 652 1065 Hermann.
667 1018 776 1071 Quorum
792 1013 859 1076 prius
875 1012 910 1059 ia·

133 1091 179 1140 cite
193 1088 312 1138 concedas
323 1126 328 1148 ‚
340 1088 444 1136 altarum
454 1087 606 1148 pergravata.

164 1227 313 1276 coxxxssi.
328 1251 359 1260 -
368 1231 391 1273 o.
407 1221 519 1272 salmasii
532 1225 571 1272 est
589 1222 616 1270 οὗ
630 1223 653 1271 σ“
663 1222 752 1270 έτεκον.

165 1371 312 1420 cnxxxlx.
322 1397 353 1405 -
368 1371 554 1419 3ὲττισοιίσσασα
563 1381 594 1416 ex
611 1365 701 1414 (lodice
715 1365 828 1424 Salmas,
844 1366 912 1414 ἑπισ-

134 1443 241 1492 οεύσοιοα
252 1439 383 1503 corrigens.

166 1580 258 1627 coxi.
284 1603 315 1613 -
333 1582 355 1626 e.
375 1576 507 1625 Salmasius
532 1577 643 1624 ἰθύνων
669 1587 747 1634 κοινὴν
771 1577 831 1634 siim,
856 1587 912 1622 cuin

134 1662 207 1698 versu
221 1657 234 1698 5
251 1648 401 1697 continuans.

167 1798 313 1850 coxtiili.
330 1823 361 1832 -
382 1801 406 1854 3,
420 1800 443 1844 t.
464 1815 474 1836 ι
488 1799 549 1852 Quos
564 1795 594 1844 do
609 1793 730 1843 l’ratalida
748 1791 912 1855 praedicantur

137 1872 217 1930 varia,
240 1868 339 1918 minime
362 1864 533 1915 commendant
556 1865 740 1914 immolationem
760 1863 791 1910 de
811 1861 912 1910 Tiraletn

136 1945 200 1991 rete.
214 1939 366 1990 probabilius
379 1938 484 1986 llinoem
497 1935 603 1998 cogitant
623 1935 724 1984 ltrurmir.
743 1938 767 1982 et
778 1935 830 1982 iac.
844 1933 910 1980 Con-

135 2011 272 2062 venientius
287 2009 362 2059 etiam
371 2009 449 2058 toret·

274 2148 366 2198 Χθὸνιοι
386 2149 535 2212 ονναρίθμιον
545 2150 599 2208 ὑμῖν

197 2227 277 2272 τοῦτον
291 2225 411 2284 Κρηταιεῖς
429 2224 509 2283 Κρῆτα
520 2219 680 2283 nepot-cinere.
694 2237 705 2258 ιι
723 2219 862 2266 Hermann.

166 2361 259 2410 CDLV.
273 2387 305 2396 -
318 2363 347 2410 ln
359 2359 428 2409 Plinii
439 2357 522 2407 vernis
536 2378 542 2405 ι
559 2359 694 2406 lli‘iiONlS
710 2368 779 2406 erreis
789 2353 861 2403 ebria
877 2358 914 2404 est

136 2437 252 2494 stirpense
264 2433 386 2494 inprimis
398 2430 496 2491 inclyia
508 2429 629 2486 (lixivi,
640 2441 666 2475 e.
681 2427 727 2484 35)
742 2437 849 2474 errorem
862 2437 916 2474 esse

136 2516 164 2550 ex
178 2502 268 2550 retuim
290 2501 386 2549 nomino
411 2499 520 2560 Μαρωνίς
540 2501 636 2557 orium,
653 2497 758 2546 similem
773 2496 808 2545 ilii
825 2496 868 2558 qui
885 2495 916 2544 ad

136 2587 175 2636 ep.
194 2579 237 2622 190
255 2574 353 2620 notatus
366 2572 417 2630 ost,
437 2569 577 2631 suspicatur
594 2571 622 2616 Α.
645 2567 773 2616 Saturnius
787 2567 811 2616 in
826 2566 915 2616 Aneiai.

135 2643 250 2692 arciranol.
266 2642 346 2692 Boioi.
359 2656 382 2691 a.
398 2647 465 2701 ison,
481 2641 533 2688 dec.
548 2653 572 2701 p.
587 2641 630 2688 oei
648 2651 698 2699 seq.

169 2787 298 2835 convlll.
314 2789 372 2834 -3
389 2783 440 2832 εἷλ’
463 2784 509 2832 ἀπὸ
527 2786 597 2840 ληνοῦ
618 2783 755 2841 tinctionis,
775 2780 841 2844 quod
868 2791 916 2828 non
982 2823 985 2830 .

137 2854 456 2918 recep13deinilei'isoloco
467 2857 557 2914 anites
567 2869 581 2916 p
591 2854 622 2902 :ni
637 2868 707 2917 posse
720 2853 844 2916 putabam.
858 2849 915 2900 ilci-

136 2925 226 2975 nelrius
239 2925 363 2988 Plrilologo
377 2929 443 2982 1550,
454 2938 478 2986 p.
493 2929 544 2983 155,
557 2923 594 2986 ἦρ’
608 2925 653 2972 ἀπὸ
670 2925 704 2980 λ.,
715 2922 758 2972 ενι]
767 2923 848 2985 aptius
860 2935 914 2970 rer-

136 2999 196 3048 bum
206 2997 361 3054 desiderem,
376 3000 401 3045 et
413 3009 486 3044 versu
499 2999 513 3044 i
527 2997 671 3054 πλησομένη.
687 2993 779 3043 Deinde
794 3007 818 3041 v.
838 2995 912 3054 (ναρὶν

137 3069 157 3118 δ’
176 3070 297 3128 ἀνύσαι,
313 3065 380 3128 quod
392 3066 457 3116 tiarrd
470 3065 544 3114 dubie
557 3065 654 3128 scripsit
672 3065 768 3124 Aristo;
785 3077 877 3127 pronos
890 3064 914 3112 in

136 3139 233 3202 lapsum
248 3137 339 3188 librarii
353 3137 394 3186 liic
408 3138 485 3186 locus.
498 3138 602 3185 versuo
613 3135 678 3184 idem
694 3135 827 3184 lleinelius
842 3135 916 3191 νηθς

136 3209 286 3271 ὺαοόρύχιος,
312 3206 392 3256 deleta
410 3207 498 3255 rocula
514 3209 559 3264 ὡς,
574 3217 644 3266 (luae.
660 3207 689 3252 ut
707 3203 744 3262 nt,
765 3203 796 3252 ab
816 3203 916 3252 librario

137 3278 271 3328 accesserit
283 3276 475 3340 comparativam
487 3275 633 3338 particulam
650 3273 808 3323 desideranti.

168 3421 280 3471 coiux.
298 3449 327 3461 —
339 3429 361 3470 2.
377 3421 460 3470 Salm:
488 3440 500 3463 ιι
514 3421 545 3468 V.
559 3421 588 3468 G.
612 3420 755 3482 κροντίδεω,
769 3417 813 3468 sed
832 3430 913 3467 corre·

138 3497 214 3553 ctum,
227 3495 253 3542 et
264 3493 343 3555 εὔχεαι
358 3490 477 3556 (sic).....
493 3511 504 3533 ο

168 3633 307 3682 cotxxil.
333 3660 362 3671 -
385 3631 465 3680 littam
490 3631 643 3680 liermannus
665 3643 764 3680 carmen
795 3629 916 3693 integrum

138 3702 260 3767 prioribus
284 3701 397 3751 distichis
416 3701 496 3751 tribus
516 3700 603 3750 confici
626 3701 728 3758 statarii,
745 3703 797 3751 eta
815 3703 916 3751 versui

139 3775 247 3838 incipere
267 3771 343 3822 alind.
359 3775 452 3832 inquo
472 3769 579 3820 dubitari
600 3784 648 3820 non
666 3783 737 3834 posse
757 3769 842 3820 scribit
855 3771 916 3833 quin

138 3843 286 3906 transposita
302 3841 391 3892 tuerint
401 3840 521 3900 disticho3
537 3843 563 3890 et
575 3842 725 3905 epigramma
738 3840 806 3890 hune
819 3842 844 3892 in
862 3854 917 3890 mo·

139 3916 198 3966 durn
210 3911 339 3964 constituit
352 3925 357 3953 =

200 4049 279 4109 Ὦνερ,
288 4045 319 4095 id’
333 4048 365 4102 ὡς
379 4045 473 4108 ἀχρεῖον
484 4047 533 4106 ἔχει
544 4047 595 4108 περὶ
609 4045 710 4106 νήματος
722 4047 791 4110 ἀκρον

232 4119 286 4175 οὐλὴ
299 4117 435 4179 ἀκέρκιστον
446 4116 523 4169 λῶτιος
537 4116 668 4176 ἐφεζομένη.

203 4189 245 4238 Ἐκ
260 4189 324 4246 τοίης
342 4189 463 4250 ὥνθρωποι
474 4186 650 4246 ἀντηκιὸιομένοι
665 4187 753 4236 ὀστέων
815 4208 818 4216 ’

232 4261 340 4322 ἁρμονίης
354 4259 448 4322 θψοῡντ’
459 4259 538 4322 αἰθέρα
554 4259 597 4306 κᾶν
609 4259 702 4317 νερέλας

202 4330 271 4379 'ilaue
285 4331 308 4387 ἐξ
317 4331 372 4388 ἠοῦς
386 4328 458 4376 ὅσσον
472 4329 558 4384 σθένος·
575 4327 607 4375 ὧν
616 4327 742 4390 ἀνερευνῶν

232 4400 291 4454 θείης
305 4399 328 4446 ἐν
342 4401 392 4460 λιτῄ
402 4397 536 4458 κεκλιμένον
551 4397 618 4458 βιοτῇ

202 4475 265 4518 τοῖον
281 4471 309 4517 τὸ
323 4471 461 4530 ψαλοίθρειον
472 4467 656 4528 ἀπεψιλωμένον,
670 4465 720 4514 οἷον

233 4542 313 4602 πολλῷ
328 4539 458 4602 ἀραχναίον
473 4537 623 4598 στνγνοτερον
635 4537 763 4598 σκελέτον,

202 4611 247 4658 aiei
261 4614 328 4658 τοῦτο
342 4610 389 4670 νόῳ
405 4611 562 4670 μεμνημένος,
574 4607 640 4669 ἄχρις
654 4607 736 4669 θμιλῆς

231 4683 316 4738 tunic,
332 4679 355 4734 ii
367 4681 418 4736 οίης
430 4679 554 4742 άρμόνισοιι
566 4677 682 4738 καλάμης,

143 4830 220 4878 Versu
236 4827 494 4877 inaestimatam
511 4825 703 4876 Scheidewinus.

173 4963 318 5012 cetxxllt.
332 4987 362 4997 -
375 4962 530 5019 dilaniantes
539 4963 623 5012 enatet
636 4961 709 5012 sum.

174 5095 343 5145 anxxxiil.
358 5121 389 5131 -
402 5100 412 5144 t
428 5095 538 5144 salmasii
549 5099 587 5145 est
600 5097 666 5146 τίττι
674 5113 711 5146 τοι
724 5097 794 5146 οὕτω.

174 5231 365 5282 cotxxxvili.
388 5257 419 5268 -
436 5235 451 5281 i
466 5233 492 5280 ἐκ
506 5232 602 5294 κραδίας
617 5233 678 5295 conj.
700 5233 853 5285 Schneidew.
873 5237 918 5286 Sed

145 5299 256 5350 «deesse
275 5301 372 5350 rirlotur
388 5301 518 5362 distichon,
538 5307 566 5352 ut
578 5302 701 5352 annotarit
714 5303 789 5351 scirol.
806 5307 841 5352 Eo
857 5306 918 5354 reie-

1613 505 1615 512 ’
1675 537 1729 594 aar

956 665 1059 714 rendum
1080 665 1105 712 ἐν.
1123 666 1235 719 neniae.
1247 677 1304 712 nam
1329 664 1479 725 sequebatur
1500 664 1603 714 tortasse
1623 665 1735 712 είλλονοο

956 738 1035 799 τρίχας
1049 735 1085 784 rol
1107 735 1187 784 simile
1207 734 1307 797 aliquid.
1329 755 1340 776 ι
1361 739 1507 784 Hermann.
1526 735 1598 783 abuti
1621 748 1681 784 sane
1695 735 1736 784 iilo

956 809 1028 855 >eine
1038 808 1156 866 glossator
1174 806 1212 853 rel
1222 809 1344 854 corrector
1361 806 1481 868 reperitur
1496 819 1680 868 nonnunquam,
1691 805 1736 855 ubi

957 877 1107 926 strurtniurn
1127 889 1175 924 non
1198 875 1311 938 expedit,
1333 876 1376 924 sed
1398 876 1524 925 innostro
1547 877 1601 925 loco
1616 889 1664 926 non
1680 879 1735 926 erat

957 947 1177 998 contemnendum..

989 1091 1156 1140 cdlxxxix.
1170 1116 1199 1125 -
1214 1094 1228 1138 3
1240 1089 1331 1148 νεοθᾱμ
1345 1087 1464 1136 eorrectio
1476 1087 1594 1136 salmasii.

989 1217 1081 1265 GDXC.
1092 1247 1119 1257 -
1134 1235 1145 1256 ι
1160 1217 1213 1264 Non
1227 1217 1312 1278 aptum
1324 1213 1415 1269 ποὸοω,
1429 1227 1485 1262 nam
1502 1213 1568 1262 nulla
1579 1214 1618 1262 irie
1633 1220 1661 1262 tn
1674 1214 1734 1262 lon-

958 1288 1084 1349 pinpoum
1093 1284 1201 1347 protelo
1213 1298 1277 1346 spes.
1292 1287 1374 1341 Quare
1383 1283 1486 1332 scribam
1501 1298 1507 1325 ι
1523 1285 1572 1332 ἀλλ’
1582 1285 1626 1332 ἑνὶ
1643 1285 1737 1332 πάντων

958 1357 1079 1413 ἐλπίδας...
1097 1355 1166 1420 lloip'
1182 1357 1274 1405 ἐκύλισε
1290 1355 1380 1418 βόλῳ.
1404 1375 1415 1396 ιι
1429 1359 1571 1404 Ηοινιιιινιιι.

990 1497 1091 1543 cuxei.
1115 1523 1146 1530 -—
1163 1501 1171 1543 1
1193 1495 1219 1550 ἀς
1239 1495 1299 1548 ὕπο,
1321 1497 1349 1544 ut
1368 1493 1456 1550 Boias..
1471 1493 1544 1542 etiam
1565 1495 1737 1552 dermannus,

959 1565 998 1614 cui
1012 1566 1059 1614 troc
1075 1565 1236 1628 epigramma,
1252 1569 1281 1614 nt
1295 1564 1421 1626 mouentia
1435 1562 1497 1624 duo,
1511 1563 1535 1612 in
1549 1563 1666 1626 virginem
1683 1579 1737 1614 esse

959 1635 1076 1699 scriptum
1092 1635 1252 1697 videturque
1263 1635 1408 1696 moriquam
1422 1633 1486 1684 trosti
1499 1647 1525 1683 se
1538 1635 1597 1682 dare
1611 1636 1737 1694 maluerit3

959 1709 985 1755 et
1000 1706 1118 1756 excidisse
1130 1705 1254 1755 distichon
1268 1705 1346 1754 rideri
1357 1705 1420 1754 inter
1435 1705 1503 1769 prius
1513 1704 1659 1756 etalterum.

991 1846 1108 1896 coxcii.
1125 1872 1144 1880 -
1167 1852 1180 1894 t
1195 1845 1259 1905 ῡθριν
1273 1844 1347 1892 ἀνοιιν.
1362 1857 1462 1901 omnes;
1473 1844 1578 1893 correxit
1589 1843 1737 1903 Μοίοολίοος

959 1930 984 1965 ν.
1003 1916 1034 1966 ad
1054 1930 1078 1964 ν.
1101 1922 1124 1964 ii.
1139 1943 1168 1950 —-
1187 1921 1201 1964 3
1230 1935 1240 1956 ιι
1265 1918 1294 1962 ν’.
1312 1917 1339 1962 tl.
1360 1915 1420 1964 ὼνό
1436 1917 1528 1977 βίοτος,
1543 1915 1586 1964 sed
1601 1929 1635 1964 ex
1650 1929 1734 1966 corro-

960 1984 1047 2034 ctione.
1063 1987 1144 2041 iliatam
1157 1984 1257 2046 qrridem
1271 1985 1346 2032 luisse
1363 1983 1430 2047 prius
1447 1984 1552 2045 videtur,
1563 1987 1589 2034 et
1607 2003 1677 2044 ω....,
1693 1983 1738 2033 sed

961 2055 1059 2117 reliqum
1075 2056 1151 2104 literae
1168 2069 1181 2103 a
1197 2058 1334 2104 correctore
1349 2057 1416 2103 sunt.
1430 2075 1441 2097 ιι
1458 2055 1540 2104 Seleia.
1554 2081 1584 2090 —
1599 2059 1621 2102 5.
1636 2073 1648 2096 ιι
1666 2057 1739 2104 lieote

960 2126 1084 2174 ileclrerus
1098 2125 1195 2188 scripsit
1210 2127 1331 2186 εἰλόμενοι,
1354 2126 1379 2174 in
1398 2124 1486 2175 ceteris
1502 2137 1517 2173 a
1533 2125 1600 2174 recta
1615 2123 1655 2173 ria
1668 2123 1738 2174 aher-

960 2209 1024 2245 mns.
1035 2195 1194 2244 scribendum
1207 2195 1304 2244 ridetur
1318 2213 1322 2242 :

1025 2325 1145 2388 ’ῼχόμεθ”,
1161 2325 1181 2373 ὦ
1197 2325 1298 2384 Μίλητε,
1311 2325 1363 2386 φίλη
1377 2325 1460 2387 πατρὶ,
1470 2324 1513 2372 τὰν
1524 2323 1661 2385 θιθέμιστον,

1053 2399 1095 2445 τὰν
1107 2398 1193 2457 ἄνομον
1206 2398 1312 2446 Γαλατᾶν
1324 2397 1439 2456 κύπριν
1451 2396 1638 2458 ἀναινόμεναι....

1024 2469 1059 2516 Οὐ
1068 2469 1112 2530 γὰρ
1125 2469 1246 2529 ἐμείναμεν
1257 2467 1326 2528 ἅμμα
1341 2469 1367 2515 τὸ
1381 2467 1505 2527 δνσσεὸὲς,
1516 2466 1564 2517 οὐδ’
1572 2469 1694 2528 Ὑμέναιον

1054 2539 1162 2600 νύμριον,
1177 2538 1226 2586 ἀλλ’
1239 2538 1311 2599 ᾍδην
1328 2535 1436 2599 κηδεμὸν’
1446 2537 1561 2600 εἱλόμεθα.

962 2682 1072 2736 Quorum
1086 2691 1203 2728 remuum
1218 2677 1326 2727 secundo
1339 2679 1404 2740 ῡόριν
1416 2678 1511 2741 legitur,
1525 2677 1569 2728 sed
1580 2679 1687 2741 κύπριν
1698 2689 1740 2728 re·

962 2765 1015 2800 nrm
1038 2765 1092 2800 esse
1111 2749 1218 2800 ostendit
1239 2750 1343 2800 verbum
1366 2749 1524 2810 ὰναινὸμενοιι.
1550 2751 1629 2799 Versu
1652 2748 1740 2798 ultimo

962 2838 1056 2880 νομοιον
1070 2820 1141 2882 posui
1154 2835 1199 2884 pro
1213 2822 1323 2883 ννμοίον,
1338 2823 1495 2884 acceptiorem
1509 2819 1656 2884 presidem.
1677 2822 1740 2870 liota

961 2893 1000 2939 esi
1012 2892 1128 2953 Ἀοροδίτη
1140 2892 1227 2954 ννμρία
1245 2905 1273 2941 ex
1288 2890 1415 2942 Pausania.
1432 2911 1445 2934 ν
1459 2891 1568 2942 Meinelt.
1590 2890 1623 2940 tid
1635 2891 1739 2942 Thence.

962 2975 986 3025 p.
1003 2965 1056 3012 itii.

992 3099 1106 3146 CDXCV.
1119 3125 1151 3133 —
1162 3105 1185 3147 2.
1200 3097 1315 3147 Planudis
1329 3097 1480 3160 Ἀστασίιρ
1498 3098 1580 3160 πικρὸν
1590 3097 1685 3152 laeuis
1698 3099 1741 3160 μθ·

962 3184 1000 3231 ρον
1015 3181 1091 3218 rinum
1105 3181 1255 3218 essenorum
1267 3171 1350 3218 censet
1365 3169 1533 3224 Hennannum
1553 3170 1577 3217 et
1589 3168 1665 3218 alteri
1679 3169 1740 3219 oeri-

961 3241 1032 3302 pluri
1047 3239 1124 3288 rriutto
1136 3252 1194 3288 sane
1209 3237 1298 3289 melius
1314 3237 1432 3302 procedit.
1445 3242 1476 3287 Ex
1489 3237 1580 3288 Codice
1594 3243 1677 3288 autem
1688 3241 1740 3290 Sal·

962 3309 1054 3360 anesim
1068 3309 1137 3358 little:
1150 3329 1161 3351 ιι
1179 3309 1352 3368 &nennium
1366 3311 1503 3358 sommium
1513 3309 1636 3364 ἀσπάσιος.
1652 3329 1663 3350 ιι

993 3447 1046 3494 Dii.
1058 3449 1115 3494 —i
1133 3445 1247 3506 πανσυδίῃ
1258 3443 1367 3494 enotavit
1382 3443 1456 3493 Saleii.

996 3582 1047 3629 DV.
1061 3607 1091 3615 -
1105 3585 1115 3628 t
1131 3580 1238 3642 μερίονος
1250 3592 1301 3629 sec.
1317 3578 1392 3627 Salm.

993 3717 1058 3764 Dl'i.
1074 3741 1103 3750 -·
1119 3722 1132 3764 ν
1149 3712 1271 3774 ήνοσάμνην
1285 3725 1342 3762 σοιν
1357 3712 1447 3762 iluetlo
1466 3712 1630 3762 necessarium
1648 3712 1743 3777 judicat

964 3785 1117 3836 schneiderr.
1132 3809 1157 3820 -
1172 3793 1185 3833 s
1205 3803 1216 3826 ιι
1231 3784 1355 3845 intepretes
1370 3785 1401 3832 V.
1416 3784 1455 3844 o,
1472 3782 1515 3832 sed
1529 3787 1666 3834 correctum
1685 3788 1741 3835 oei·

962 3859 1048 3920 θροξεν·
1061 3877 1073 3899 ν
1086 3855 1166 3904 Saleii.

994 3998 1070 4045 oili.
1080 4022 1112 4030 -
1128 3997 1151 4042 ί.
1168 4013 1179 4036 ιι
1190 3996 1254 4056 Lege
1267 3993 1384 4054 θαλάμους
1398 3995 1442 4042 eut
1455 3993 1566 4054 θάλαμον.
1581 4015 1592 4036 ιι
1608 3995 1690 4046 Soliti.

993 4137 1088 4186 Ditxv.
1104 4161 1135 4169 -
1147 4131 1287 4193 5ὰοχι5ίονς
1297 4131 1398 4190 Kailios,
1409 4145 1484 4193 quern
1493 4131 1551 4181 ride
1564 4133 1595 4182 de
1605 4131 1652 4182 hoc
1665 4135 1741 4198 epigr.

962 4208 1076 4322 οοσιιορῑο
1088 4201 1248 4252 disserentem
1269 4201 1294 4250 in
1315 4202 1438 4265 Piiilologo
1458 4216 1480 4251 a.
1508 4208 1583 4266 1853,
1607 4207 1685 4270 suppl.
1710 4209 1741 4268 ll,

963 4290 985 4339 p.
1001 4280 1030 4324 55
1050 4312 1055 4321 .

993 4402 1099 4450 nxxxr.
1118 4428 1143 4437 --
1167 4400 1234 4448 aare
1250 4402 1355 4450 ιεοινο
1376 4381 1456 4451 solum
1476 4401 1564 4466 proin
1585 4404 1688 4454 aleran.
1711 4405 1743 4454 νο

962 4471 1066 4521 Theocr.
1083 4485 1107 4534 p.
1128 4474 1182 4519 355.

995 4607 1108 4655 DXXXV.
1130 4631 1155 4640 -—
1173 4611 1186 4654 5
1201 4605 1260 4669 ἄγρη
1274 4617 1314 4669 ep.
1329 4605 1403 4656 Selm.

995 4748 1123 4796 Dliltlivl.
1153 4773 1179 4780 -
1203 4767 1214 4790 ιι
1241 4747 1348 4810 Respicit
1366 4747 1412 4798 hoc
1436 4761 1474 4811 ep.
1491 4749 1591 4799 Teetzos
1612 4748 1638 4798 in
1660 4751 1741 4800 cram.

965 4814 1231 4876 Anecd.01.rol.lll,
1246 4829 1262 4878 p
1286 4821 1340 4866 359.
1358 4837 1370 4860 ιι
1383 4816 1539 4869 Sclineidew.

996 4957 1150 5006 uxxxiiii.
1165 4985 1197 4994 -
1208 4965 1229 5007 i.
1246 4979 1257 5000 ιι
1271 4960 1429 5010 scribendum
1446 4961 1524 5018 Μάνης
1534 4962 1613 5024 δοῦλος
1624 4961 1689 5024 ἀνήρ,
1699 4975 1744 5025 pro

965 5025 1042 5082 οὗτος.
1064 5029 1126 5076 liam
1140 5031 1240 5078 strenua
1256 5029 1377 5092 oppositio
1398 5029 1530 5093 flagitatur,
1547 5043 1622 5094 quam
1641 5030 1743 5094 simplex

966 5097 1045 5153 Μάνης
1067 5111 1169 5156 nomen,
1185 5099 1288 5163 sapius,
1309 5114 1358 5150 non
1376 5113 1472 5164 semper
1491 5099 1523 5151 de
1542 5099 1742 5164 senissimum,

964 5166 1075 5232 praebere
1090 5167 1183 5230 nequit.
1198 5197 1228 5210 -
1240 5176 1265 5218 t.
1284 5169 1385 5218 Darium
1404 5169 1589 5220 codomannum
1607 5170 1654 5222 diei
1671 5177 1744 5236 puta-

965 5236 1031 5287 reris
1042 5237 1132 5300 olymp.
1147 5243 1198 5299 tte,
1212 5242 1235 5298 3,
1251 5251 1329 5300 quum
1343 5238 1508 5290 Alexandrum
1523 5238 1633 5304 lugeat,
1645 5244 1744 5306 repente

965 5305 1129 5358 interiectum.
1143 5327 1154 5350 ιι
1165 5308 1310 5372 Benndors.
1326 5321 1349 5372 p.
1363 5312 1401 5357 ei.
