3954 5930
262 445 324 504 290

263 715 286 774 Γ
286 712 390 790 υμνικὸν
403 701 436 768 αδ
449 713 506 768 ποτ’
519 711 607 784 ἀγῶνα
618 705 754 784 θεώμενον,
766 707 853 766 Ἠλεῖε
866 709 933 776 Ζεῦ,

302 799 345 858 τδν
360 798 436 878 σορὸν
450 796 530 876 ἄνδρα
543 795 635 866 Θαλῆν
648 794 768 874 ἥρπασας
782 796 811 852 έκ
823 793 938 852 σταδίου.

263 887 348 952 Αἰνέαν
358 883 412 944 ὅττι
427 907 470 958 μιν
481 881 555 960 έγγθς
568 873 746 960 δπήγαγες·ῇ
763 880 813 961 γδιρ
827 885 841 938 θ
855 878 967 959 πρέσόυς

303 973 385 1033 οὐκέθ’
396 976 457 1051 θρᾷν
472 970 523 1030 ἀπὸ
535 974 582 1047 γῆς
596 968 705 1048 έστέρας
716 968 836 1040 ἠδύνατο.
920 1029 923 1035 ,

544 1116 589 1168 86.
610 1118 747 1166 ΑΔΗΛΟΝ.

264 1241 298 1302 Ἦ
313 1243 410 1314 Μήδων
424 1241 513 1302 ἄδικον
526 1242 639 1302 παύσατ’
654 1239 728 1321 ὕόριν
740 1242 786 1314 ἥδε
800 1243 910 1304 Σόλωνα

303 1331 375 1390 τόνδε
389 1339 474 1391 τεκνοῖ
488 1330 609 1408 Σαλαμίς
622 1328 777 1406 θεσμοθέτην
790 1330 868 1408 ἱερόν,

422 1469 707 1549 87.[Δ1οΓΕΝοΥΣ
726 1471 874 1549 AAEPT.]
942 1501 946 1510 ·

265 1613 349 1688 Σῶμα
362 1609 409 1686 μέν
421 1603 467 1690 ἦρι
482 1609 600 1676 Σόλωνος
615 1611 641 1668 ἐν
655 1609 789 1688 ἀλλοδαπῇ
804 1609 922 1687 Κύπριον
936 1615 1003 1688 πῦρ,

304 1699 368 1758 δστδι
379 1701 402 1757 δ’
416 1699 471 1778 ἔχει
485 1696 622 1774 Σαλαμὶς,
637 1688 673 1756 da
685 1697 754 1761 κόνις
767 1697 909 1776 ἅστόχυες·

266 1785 353 1865 ψυχὴν
368 1785 394 1842 δ’
407 1785 492 1853 ἄξονες
505 1784 577 1850 εθθθς
588 1785 613 1851 ἐς
626 1783 733 1863 οὗρανδν
745 1782 851 1862 ἤγαγον
863 1773 891 1840 εδ
904 1780 966 1860 γὰρ·

305 1877 368 1944 θῆκε
381 1872 472 1949 νόμους
485 1873 570 1938 αὐτοῖς
583 1871 665 1950 ἄχθεα
677 1870 833 1950 κουφότατα.

516 2015 560 2066 88.
575 2011 643 2078 [ror
660 2011 777 2078 aaron]

267 2145 396 2225 Φωσφόρε
408 2144 448 2202 σοί
461 2144 621 2212 Πολύδευκες
635 2142 690 2223 ἔχω
703 2142 791 2222 χάριν,
805 2141 906 2202 οὕνεκεν
921 2143 974 2208 υίὸς

306 2230 421 2296 Χίλωνος
431 2233 522 2309 πυγμῇ
537 2229 640 2310 χλωρδν
655 2228 712 2287 έλεν
726 2229 835 2287 κότινον·
981 2280 986 2296 ,

269 2318 292 2374 εί
304 2317 326 2375 δ’
337 2320 351 2374 θ
363 2313 450 2396 πατὴρ
460 2321 633 2396 στεφανοῦχον
641 2315 701 2376 ἰδὼν
710 2313 820 2398 [τέκνον]
830 2315 928 2394 ἤμυσεν
939 2317 1036 2394 ἡσθείς,

307 2407 335 2462 οὐ
350 2402 498 2481 νεμεσητόν·
513 2403 571 2481 ἐμοὶ
583 2405 649 2472 τοῖος
660 2401 707 2463 inor
719 2403 833 2470 θόνατος.

552 2552 596 2602 89.
612 2553 749 2600 ΑΔΗΔΟΝ.

269 2681 359 2745 Ξεῖνος
373 2678 535 2758 Ἀταρνείτης
548 2702 585 2748 τις
599 2681 714 2759 ἀνείρετο
729 2681 859 2741 Πιττακδν
874 2683 941 2741 οὕτω

308 2767 350 2825 τθν
366 2769 554 2840 Μυτιληναῖον,
565 2768 649 2825 παῖδα
665 2768 704 2825 τὸν
715 2767 878 2849 Ὑρραδίου·-

271 2881 283 2905 e
296 2851 373 2912 Ἀττα
386 2853 471 2933 γέρον,
486 2853 551 2920 δοιός
565 2877 598 2930 με
612 2855 688 2912 καλεῖ
697 2853 793 2932 γέμος·
810 2841 890 2932 elisia
905 2856 951 2932 μὲν
965 2857 995 2926 δὴ

310 2966 321 2993 a
335 2940 422 3021 νύμφη
434 2940 478 2998 καί
492 2942 596 3022 πλούτῳ
610 2942 739 3019 καί.γενεῇ
753 2941 812 3001 κατ’
823 2944 883 3018 ἐμέ·

232 3051 244 3088 ο
272 3031 313 3098 «ἦ
329 3030 350 3086 δ’
365 3027 440 3106 ἑτέρη
454 3026 610 3108 προόέόηκε.
628 3030 653 3088 Τ
655 3027 664 3086 i
676 3028 769 3100 λώϊονς
785 3032 807 3088 εἷ
819 3031 842 3088 δ’
858 3029 903 3109 έγε
918 3031 964 3088 σύν
977 3053 1020 3108 μοι

311 3141 327 3196 a
340 3115 489 3194 perileucos,
502 3115 612 3194 ποτέρην
626 3119 661 3184 εἰς
673 3116 791 3192 ὑμέναιον
806 3115 862 3194 ἄγω
874 3145 898 3178 ν.

273 3192 362 3262 Εἶπεν·
375 3205 388 3259 δ
403 3201 429 3258 δὲ
443 3201 577 3274 σκίπωνα,
590 3203 735 3280 γεροντικὸν
749 3202 838 3275 ὅπλον,
853 3203 953 3282 ἀείρας,

312 3315 324 3339 ι
338 3285 435 3360 Ἥνιδ,
449 3287 541 3346 ἐκεῖνοί
555 3311 595 3346 σοι
606 3296 658 3346 πᾶν
672 3289 783 3368 ἐρέουσιν
796 3289 855 3357 ἔπος
869 3310 892 3342 υ·

274 3378 307 3454 (οἱ
319 3377 341 3435 δ’
356 3377 396 3455 ἄρ’
409 3377 459 3435 ὑπὸ
469 3379 586 3457 πληγῇσι
600 3376 659 3442 θοὰς
673 3377 799 3456 βέμόικας
812 3377 914 3457 ἔχοντες

222 3479 247 3516 10
311 3463 433 3544 ἔστρεφον
448 3463 533 3545 εὐρείῃ
547 3467 637 3530 παῖδας
651 3465 688 3524 ἐνί
701 3464 814 3544 τριόδῳ·)

506 3702 545 3752 85.
565 3717 677 3750 οιοοεειιε
692 3717 806 3762 sarasar,
896 3759 903 3764 ¹

583 3828 613 3877 de
628 3827 717 3878 eodem.

272 3962 382 4029 luppiter
393 3979 422 4013 ex
433 3964 507 4014 stadio
518 3974 597 4030 raptas
607 3965 663 4014 Eleo
674 3963 810 4021 Thaletem,

305 4049 368 4094 Dum
377 4053 507 4097 certaturos
516 4047 591 4114 nudat
602 4063 674 4098 arena
683 4047 754 4099 viros.

274 4127 344 4189 Quod
354 4126 397 4176 tibi
407 4127 480 4178 fecisti
491 4130 643 4194 propiorem,
654 4129 725 4178 laudo
736 4129 865 4194 :nequibat

307 4205 414 4275 {implius
423 4225 452 4259 ex
464 4211 533 4260 terris
546 4219 609 4260 astra
619 4211 699 4261 videre
710 4226 790 4260 senex.

504 4345 543 4393 86.
561 4341 609 4392 aab
620 4355 700 4394 statuo
713 4343 814 4396 Solonis.

276 4473 401 4522 Medorum
413 4471 484 4526 iustus
494 4474 597 4524 Salamin
607 4491 658 4540 que
669 4476 791 4536 contudit,
804 4477 844 4525 illa

308 4553 438 4618 Legiterum
450 4565 530 4606 sancta
540 4565 620 4605 mente
632 4558 718 4608 Solone
729 4559 801 4608 dedit.

506 4693 548 4752 87.
567 4707 681 4740 nroosnas
697 4709 810 4754 nasama,

587 4817 621 4867 de
633 4817 726 4868 Soles'ne.

278 4954 364 4998 Fatera
376 4957 439 4998 terra
452 4951 523 5016 Cypri
534 4967 619 5018 corpus
628 4953 739 5019 populata
750 4953 842 5003 Solonis
853 4971 859 5002 :

309 5035 367 5080 Orsa
376 5039 441 5083 tenet
447 5033 549 5083 Salamin
560 5050 566 5083 τ
577 5044 612 5084 est
623 5033 708 5085 humus
717 5035 769 5101 ipsa
777 5050 848 5100 seges.

278 5117 340 5162 Ares
353 5115 382 5163 ad
392 5129 487 5180 superos
496 5115 598 5165 animam
607 5133 708 5180 vexere,
718 5118 781 5182 quod
792 5115 839 5166 illis

311 5195 423 5259 Imposuit
435 5197 497 5246 uritis
505 5213 553 5246 non
562 5213 631 5262 grave
640 5198 695 5262 legis
707 5215 773 5248 onata.

804 434 1053 497 anraoauurn
1076 409 1274 496 PnLaTlNAE

418 582 465 632 aa.
490 531 880 648 [montanismum]

1288 584 1325 629 85.
1343 578 1490 628 moestus
1506 577 1637 627 LlEliTll.
1718 535 1729 552 ο

1076 709 1169 756 liuraus
1179 705 1316 770 gymnicum
1329 707 1451 754 certamen
1463 705 1628 767 spectantem,
1639 703 1695 752 Elee
1705 703 1822 764 luppiter,

1106 797 1237 860 sapientem
1250 795 1331 844 virum
1343 794 1468 844 Thaletem
1481 791 1583 855 rapuisti
1594 805 1622 840 ex
1634 790 1719 840 stadio.

1076 882 1159 932 Laudo
1172 882 1236 945 quod
1250 895 1307 932 eum
1319 893 1392 944 prope
1404 882 1428 928 le
1438 878 1566 928 obdureris
1577 898 1583 926 :
1593 891 1650 927 saue
1659 877 1722 926 enim
1735 890 1807 926 senex

1107 983 1153 1019 non
1157 971 1215 1033 -jam
1225 969 1307 1018 ridere
1316 968 1347 1017 de
1356 971 1420 1018 terra
1430 970 1496 1016 astra
1504 967 1605 1028 poterat.

1350 1113 1388 1158 θθ.
1411 1115 1581 1158 tucattwtt.

1078 1235 1204 1298 Medorum
1215 1246 1348 1310 improbam
1357 1245 1516 1309 quae-dejecit
1528 1243 1663 1307 superbiam
1673 1242 1714 1291 illa
1722 1241 1828 1289 Solonem

1109 1336 1174 1385 hunc
1185 1335 1278 1398 peperit
1288 1334 1402 1394 wamia,
1416 1333 1598 1396 legumlatorem
1607 1343 1712 1380 sacrum.

1287 1479 1324 1526 87.
1346 1475 1494 1525 DIOGENIS
1509 1474 1642 1524 LAEltTll.

1079 1618 1174 1680 corpus
1180 1615 1382 1679 quidemabetulit
1388 1613 1509 1664 &lanista
1515 1613 1592 1664 aliena
1598 1615 1668 1662 terro
1676 1609 1843 1674 cypriusignls,

1110 1706 1135 1754 et
1143 1717 1199 1753 ossa
1207 1703 1280 1752 habet
1290 1703 1392 1753 Salamis
1402 1715 1506 1764 quorum
1515 1701 1596 1764 pulvis
1603 1701 1698 1754 aristaat

1080 1793 1183 1840 animam
1191 1803 1249 1840 vero
1259 1803 1315 1841 ares
1324 1789 1433 1840 celeriter
1443 1789 1468 1838 in
1478 1789 1567 1839 eaelum
1578 1791 1680 1850 egerunt
1695 1807 1700 1834 :
1712 1786 1772 1836 bene
1787 1785 1844 1834 enim

1111 1876 1199 1925 tulerat
1210 1875 1290 1940 leges,
1302 1875 1398 1926 civibus
1409 1887 1482 1924 onera
1493 1873 1624 1924 lenissima.

1358 2030 1396 2074 88.
1418 2029 1565 2070 EJUSDEH.

1081 2155 1200 2206 Lucifero
1208 2154 1303 2216 Pollux,
1315 2154 1359 2204 tihi
1367 2154 1446 2204 habeo
1455 2155 1557 2218 gratias,
1570 2153 1637 2216 quod
1646 2153 1712 2202 lilius

1113 2241 1220 2292 Chilonis
1228 2241 1338 2306 pugilatu
1346 2241 1449 2292 viridem
1460 2242 1592 2304 reportarit
1603 2241 1695 2300 oleam3

1081 2325 1103 2374 si
1114 2338 1171 2374 vero
1181 2325 1249 2388 pater
1256 2326 1396 2374 coronatum
1404 2323 1521 2374 ubi-vidit
1529 2323 1606 2374 salium
1617 2323 1746 2386 exspiravit
1757 2323 1844 2387 gaudio,

1112 2412 1179 2460 nulla
1190 2411 1279 2461 invidia
1291 2414 1330 2462 est
1340 2433 1346 2459 :
1358 2411 1418 2462 mihi
1429 2413 1485 2462 talis
1497 2412 1611 2462 adremm
1625 2425 1701 2461 mors.

1368 2555 1407 2600 89.
1431 2561 1565 2602 tactam.

1083 2693 1176 2752 Hospes
1188 2690 1309 2740 Atarnites
1321 2689 1420 2753 quidam
1431 2691 1588 2753 interrogarit
1601 2690 1722 2740 Pittacum
1735 2691 1767 2739 tta

1113 2775 1375 2836 utputenaeumntliam
1386 2775 1536 2838 llyrrhadii:
1704 2831 1708 2840 ,

1085 2881 1097 2904 ο
1108 2864 1179 2911 Pater
1191 2875 1275 2924 senex,
1288 2862 1375 2926 duplex
1388 2877 1428 2912 me
1439 2868 1511 2913 uocat
1529 2863 1634 2914 conditio
1648 2885 1654 2912 ι
1666 2878 1715 2912 una
1727 2862 1817 2926 quidem

1116 2969 1127 2991 ι
1138 2950 1243 3012 nympha
1251 2953 1302 3000 tam
1314 2949 1403 3000 divitiis
1412 2964 1485 3014 quam
1495 2965 1580 3014 genere
1590 2953 1627 3000 eat
1636 2951 1768 3000 secundum
1777 2965 1822 3006 me.

1085 3057 1097 3080 ι
1108 3039 1183 3087 altera
1191 3052 1250 3088 rero
1260 3038 1427 3102 superior-est.
1441 3039 1506 3096 Quid
1518 3040 1622 3088 melius?
1631 3042 1671 3088 En·
1679 3053 1721 3103 age
1731 3038 1785 3088 mihi

1116 3147 1128 3168 a
1141 3126 1240 3175 consule
1250 3130 1330 3176 utram
1339 3127 1364 3175 in
1376 3127 1555 3176 matrimonium
1565 3127 1661 3177 ducam.
1677 3149 1688 3171 a

1085 3213 1155 3262 Dixit.
1168 3213 1210 3262 llle
1219 3227 1277 3263 vero
1285 3213 1412 3274 baculum,
1425 3215 1499 3264 senile
1509 3217 1645 3278 gestamen,
1654 3215 1843 3278 quum-sustulit.

1119 3318 1130 3340 a
1142 3302 1202 3349 Eure
1211 3299 1251 3350 isti
1260 3301 1304 3350 tibi
1312 3303 1393 3352 tolum
1402 3303 1523 3366 exponent
1532 3301 1666 3371 negotium
1678 3321 1690 3344 υ

1087 3383 1215 3446 (siquidem
1226 3386 1272 3435 sub
1280 3387 1356 3450 plagis
1364 3387 1460 3452 rapidas
1468 3387 1591 3438 bembices
1601 3388 1734 3448 (turbines)
1742 3385 1846 3436 hahentes

1074 3499 1078 3508 ·
1118 3459 1239 3537 agitabam
1246 3473 1296 3524 lato
1304 3474 1508 3539 pueriintririm)

1606 3626 1840 3641 -—-..--·

1385 3689 1425 3736 θθ.
1443 3705 1557 3748 aruspex,

1399 3791 1429 3840 de
1445 3791 1550 3841 Chilone.

1089 3891 1195 3942 Chilonis
1206 3903 1288 3954 natus,
1300 3895 1349 3942 laus
1358 3894 1388 3942 ait
1399 3893 1457 3956 tibi,
1468 3893 1546 3942 lucide
1557 3895 1658 3954 Pollux,

1122 3977 1220 4026 velatus
1232 3977 1292 4026 aava
1303 3979 1366 4041 quod
1377 3987 1448 4052 caput
1457 3987 1493 4026 est
1502 3978 1562 4026 olea.
1640 4011 1642 4018 ι

1089 4059 1113 4110 Si
1123 4069 1200 4124 pater,
1210 4069 1236 4110 ut
1247 4070 1328 4109 natum
1340 4061 1397 4110 vidia
1410 4061 1505 4123 vicisse,
1515 4062 1614 4127 perivit,

1121 4143 1163 4191 Nil
1174 4157 1243 4206 graue
1255 4143 1279 4190 in
1291 4141 1344 4191 hoc.
1354 4143 1451 4191 Utinam
1461 4159 1523 4192 mors
1535 4144 1565 4192 sit
1576 4154 1601 4193 et
1612 4145 1652 4194 illa
1664 4142 1735 4192 mihi!

1366 4262 1406 4322 89.
1426 4245 1589 4322 carnanaacira,

1405 4359 1434 4406 de
1447 4362 1547 4408 Pittaco.

1091 4455 1218 4520 llyrrhadii
1232 4465 1314 4506 natum
1328 4474 1381 4505 eum
1396 4457 1501 4506 Pittacon
1511 4473 1540 4505 ex
1551 4458 1665 4522 lilitylena

1124 4543 1172 4588 lret
1183 4539 1304 4589 Atarnites
1316 4555 1412 4604 poscere
1423 4539 1561 4604 mansilium,

1090 4625 1147 4687 Spes
1155 4620 1214 4669 mihi
1225 4621 1325 4686 conjugii
1333 4658 1341 4683 ,
1350 4632 1428 4686 pater,
1440 4631 1489 4681 est,
1504 4623 1538 4670 ait
1552 4621 1607 4684 ille,
1620 4623 1718 4670 duarum
1733 4637 1738 4670 :

1123 4704 1204 4752 Altera
1214 4719 1256 4768 par
1265 4719 1350 4767 genere
1362 4713 1411 4764 est,
1425 4719 1468 4768 par
1479 4704 1611 4769 opibusque
1624 4703 1694 4766 mihi3

1092 4788 1173 4835 Altera
1185 4803 1223 4835 me
1235 4787 1335 4836 maritum
1348 4797 1452 4851 superat.
1468 4787 1532 4850 Quid
1541 4788 1646 4836 rectius?
1656 4796 1732 4836 utram

1125 4875 1215 4919 Auctor
1225 4887 1249 4918 es
1259 4879 1284 4919 ut
1295 4871 1377 4919 ducam
1388 4870 1575 4936 participemque
1585 4875 1658 4918 turo?

1091 4955 1189 5002 Dixerat
1204 4971 1210 5002 ι
1221 4954 1261 5002 ille
1275 4955 1353 5002 levans
1368 4953 1492 5016 baculum,
1503 4953 1580 5017 gravis
1591 4967 1656 5001 arma
1667 4961 1778 5012 senectae,

1125 5039 1173 5090 En,
1184 5034 1231 5096 ait,
1241 5033 1267 5082 hi
1278 5034 1356 5084 dicent
1365 5035 1414 5098 jam
1428 5034 1472 5083 tibi
1485 5033 1598 5099 quioquid
1611 5050 1678 5098 opus.

1095 5120 1163 5164 Forte
1173 5115 1205 5164 ibi
1219 5126 1337 5165 cursantes
1351 5116 1418 5181 pueri
1430 5132 1473 5181 per
1487 5117 1534 5165 lata
1548 5115 1639 5164 riarum
1679 5177 1682 5182 Ι

1127 5199 1260 5246 Densalrant
1272 5199 1357 5264 rapidis
1371 5199 1467 5249 uerbera
1482 5199 1624 5248 turbinibus.
