3960 5936
676 409 713 468 lN
735 409 859 468 CAPUT
883 409 920 468 Vl
945 408 1171 470 ΛΝΝΟΤΛΤΙΟ.

172 538 251 586 sciit.
269 539 368 587 Lemma
387 560 393 587 ι
409 538 515 600 ἀνάθημα
533 547 562 604 τῇ
579 543 637 604 αὐτῇ
654 542 718 604 παρὰ
737 543 859 602 Καὶινριοις
874 540 918 601 (sir.

143 608 254 670 Paulss.).
266 609 374 670 ίαμὸικὸν
385 612 424 658 καί
437 616 505 660 τοῦτο
521 611 641 674 (respectu
656 611 688 660 ad
701 625 738 674 cp.
755 617 799 660 293
813 615 838 660 22
851 611 915 663 alial.

141 707 172 716 -
184 687 197 728 2
210 681 332 742 πορρυρεῠν
345 679 439 740 Codex,
449 681 516 746 quod
533 682 635 732 bleinelr.
646 696 669 744 p.
685 688 726 730 122
738 681 842 730 reduxit.
855 680 917 729 Editi

141 755 276 812 πιρρυροῡν.
297 768 309 791 ι
326 749 451 818 Ι22222222
475 765 569 800 comam
589 751 637 800 dici
657 750 732 800 rideri
756 751 916 800 adscititiam

142 821 285 868 annotarunt
306 820 384 869 lieisl.
403 823 428 872 et
443 824 519 885 Toup.
541 825 568 872 ln
591 821 690 872 Luciani
711 822 773 871 Dial.
789 824 915 870 mereins

142 891 269 942 exhibetur
287 891 374 941 Lesbia
398 893 487 943 mulier
509 895 601 954 πηιήκη
628 894 754 943 instructa.
777 914 788 936 ν
812 895 868 942 Juc.
885 919 915 928 -

142 969 164 1010 3.
178 982 189 1003 ι
200 965 246 1010 Pro
260 962 351 1024 scripta
366 966 479 1026 με).οῠχον
497 964 558 1014 berre
574 965 667 1014 uiderat
686 979 742 1012 cum
758 963 916 1027 'loupioLar-

142 1031 227 1081 rherus
245 1032 309 1082 Diss.
326 1033 356 1082 de
375 1037 468 1083 Venere
481 1049 506 1098 p.
521 1039 564 1084 287
582 1034 710 1097 legendum
722 1047 776 1084 esse
790 1037 916 1095 μηλοῦχον,

141 1103 308 1167 εεάίναλόχροα
318 1105 431 1168 praxede
441 1105 561 1170 pellucido
572 1105 693 1155 intellexit.
709 1126 720 1148 ν
733 1107 764 1154 tr.
775 1107 818 1153 list
830 1103 916 1152 coloris

140 1172 247 1231 2222122,
261 1173 399 1222 subviridis.
409 1201 440 1210 -
449 1184 472 1224 2.
485 1195 496 1216 π
512 1175 598 1230 Γνησία
609 1173 655 1232 (222
665 1173 737 1234 222.)
749 1174 823 1234 Ιίίιπρι
833 1171 917 1220 multis

141 1241 259 1304 uariisque
277 1244 423 1306 conjecturis
441 1247 562 1293 tentatum
582 1249 627 1292 est.
646 1242 825 1292 inconsiderate
837 1245 915 1303 Toup.

141 1315 164 1360 ct
176 1313 278 1361 Brunclr.
290 1315 381 1370 Κτηοία
391 1315 470 1375 ,quod
481 1313 540 1362 nihil
550 1318 588 1363 est
598 1313 669 1372 (coni.
682 1315 780 1361 Person.
793 1309 824 1359 nd
835 1312 915 1372 Toup.

142 1381 237 1430 Erncnd.
251 1385 293 1443 lv,
302 1395 326 1445 p.
337 1387 402 1442 2272.
413 1386 462 1433 222
472 1384 533 1433 bene
542 1385 639 1432 Jacobs.
650 1383 748 1444 γνησίαν
758 1382 789 1431 22
800 1383 916 1444 22222222

143 1455 232 1501 l'enere
242 1451 422 1516 interpretatur,
435 1469 510 1517 quam
519 1469 587 1518 vagas
602 1458 627 1504 et
639 1455 722 1503 retitru
735 1452 822 1516 opponi
836 1451 917 1502 existi-

38 1525 42 1534 '
142 1527 201 1579 mat;
214 1537 270 1574 nam
283 1527 376 1582 γνήσιος
390 1539 438 1574 222
453 1526 584 1586 tertianus
598 1529 647 1586 est,
665 1525 710 1575 sed
728 1527 863 1586 perrrrinar.
875 1527 916 1572 Ac·

141 1593 202 1644 cedit
222 1595 341 1657 correptio
360 1595 458 1658 syllaba
479 1598 535 1645 ante
556 1598 656 1658 γνησία,
683 1608 741 1657 quar
762 1595 785 1644 in
800 1594 916 1655 castigato

141 1667 222 1727 poeta,
241 1666 321 1728 qualis
342 1666 459 1715 Leonidas
478 1669 529 1726 est,
543 1681 590 1715 non
611 1666 663 1714 sinc
682 1665 815 1714 otlensione
834 1664 915 1712 tuerit.

141 1733 197 1784 llihi
205 1749 254 1784 uon
265 1736 364 1786 videtur
370 1749 442 1798 posse
451 1737 557 1785 dubitari
568 1737 628 1799 quin
644 1739 701 1799 Ιίρη
710 1737 759 1785 σία
769 1736 843 1798 Κύπρι
857 1734 915 1782 scri·

141 1805 244 1857 bendum
264 1807 303 1858 sit.
323 1811 351 1859 ln
371 1811 445 1858 creta
466 1823 505 1858 res
524 1808 604 1872 agitur
616 1807 680 1871 apud
699 1805 829 1856 Leonidam
843 1805 915 1854 ctiam
938 1871 940 1878 Ι

141 1879 190 1927 aliis
199 1879 392 1942 epigrammatis,
401 1894 427 1929 r.
437 1895 459 1930 c.
471 1887 524 1940 222,
536 1887 589 1930 289.
601 1899 612 1923 ν
622 1878 916 1940 2222222.-7πα).7.ινρια
938 1885 940 1900 ·

142 1949 191 2001 tsicl
212 1951 303 2012 Codex,
320 1963 382 1999 corr.
399 1953 461 2010 322,
480 1964 554 2013 quern
576 1950 688 2014 sequitur
706 1949 819 2006 meinric,
838 1948 914 1998 lloiss.

143 2019 276 2082 Ιίαλὶίιιρςια
288 2034 345 2070 cum
355 2021 482 2069 Brunclio.

169 2182 262 2230 ccxli.
281 2183 379 2232 Lemrm
395 2202 402 2230 ι
417 2182 531 2242 ἀνάθημα.
545 2182 647 2230 carmen
663 2179 748 2240 injuria
763 2178 787 2228 in
802 2177 917 2241 suspicio

141 2264 193 2300 nem
210 2253 299 2308 νοθείας
321 2255 436 2302 vocatum
453 2266 507 2302 esse
526 2252 557 2301 ab
576 2252 670 2301 lteislio
691 2255 716 2302 22
733 2249 917 2312 Schneidewino

142 2321 172 2384 (p.
183 2325 238 2382 227)
254 2323 408 2372 consentiunt
423 2323 548 2371 lleclerus
561 2325 586 2370 et
596 2321 711 2384 llerglius
724 2325 777 2382 Lpr.
789 2335 813 2384 p.
824 2327 877 2371 921.
887 2349 915 2359 -

143 2397 151 2440 2
166 2399 210 2446 τοῖς
228 2393 376 2454 Salmasius,
394 2393 459 2456 quod
473 2397 616 2456 receperunt
630 2391 780 2442 Srbnoiden'.
791 2394 816 2441 ct
829 2391 915 2451 lisele,

140 2465 190 2524 post
200 2463 364 2522 arancarum
375 2482 410 2512 τοι
422 2463 514 2520 Codes,
525 2469 573 2518 σοῖς
584 2463 652 2512 malit
664 2463 747 2526 Bergk.
757 2489 788 2498 —
798 2469 821 2512 2.
835 2481 846 2504 ιι
858 2461 914 2510 Exi-

139 2533 285 2582 stimandum
297 2534 413 2598 Apollinis
431 2535 549 2596 templum
561 2534 586 2590 in
600 2536 651 2582 t'oro
669 2537 835 2595 exstructum,
851 2533 916 2584 unde

139 2601 187 2663 ipsc
200 2601 264 2652 deus
279 2609 319 2662 τῆς
331 2605 414 2666 ἀγορῆς
423 2605 529 2666 πρύτανις
539 2607 649 2652 vocatur.
662 2604 700 2652 Sic
708 2605 784 2653 Diana
794 2617 832 2667 ap.
842 2604 913 2666 Sopb.

140 2671 192 2722 OEd.
203 2675 234 2722 Τ.
252 2678 303 2735 122,
316 2675 434 2724 κυκλόεντ’
445 2677 528 2737 ἀγορᾶς
541 2674 618 2736 θρόνον
631 2675 711 2723 assisa
721 2675 811 2724 θάσσει.
824 2677 853 2724 Et
866 2677 913 2725 Co·

139 2741 208 2792 riutbi
221 2743 339 2806 Apollinis
355 2748 437 2794 statua
456 2758 484 2794 ex
496 2758 545 2794 222
556 2743 602 2793 2222
615 2745 640 2792 in
659 2744 724 2801 2222,
739 2745 854 2796 Ἀπόλλων
870 2747 916 2794 ἐπί·
938 2712 940 2801 i

139 2817 216 2870 ιληπιν
226 2815 338 2879 Κλάριος,
347 2818 451 2865 Pausan.
462 2817 496 2876 11,
510 2823 532 2865 2.
545 2835 556 2858 s
568 2820 623 2866 dac.
632 2821 682 2865 -3
693 2818 732 2864 καὶ
742 2820 764 2864 21
774 2817 798 2865 21
807 2816 915 2879 stipatos

138 2885 193 2934 Cod.
204 2917 234 2928 -
244 2891 257 2936 tl
268 2889 370 2936 δέσποτα
378 2895 425 2943 τοῖς
438 2904 502 2949 orep.
515 2886 605 2938 Codex.
616 2909 628 2930 ιι
641 2886 776 2936 Oil'endunt
786 2886 817 2935 ad
829 2900 916 2936 nometi
938 2842 940 2930 i

138 2957 239 3006 δέσποτα
254 2953 299 3006 riri
318 2957 409 3018 critici,
423 2961 452 3008 22
472 2972 517 3021 pro
531 2957 613 3022 spurio
634 2957 739 3008 habeant
753 2957 914 3020 epigramma,
938 2935 940 3005 i

137 3029 221 3078 saltem
235 3029 317 3080 daem.
328 3030 376 3080 sed
389 3030 524 3094 putaverim
537 3031 617 3093 potius
630 3029 718 3079 falsum
725 3043 779 3079 esse
788 3029 916 3078 Simonidis

138 3113 239 3160 nornen,
261 3103 286 3150 et
303 3103 400 3163 poetam
420 3114 605 3164 quemcunque,
617 3114 683 3149 nunc
703 3099 821 3164 ignotum,
840 3099 915 3149 tuisse

138 3171 237 3232 Gitonis
261 3185 360 3221 serrum
374 3186 403 3221 ac
421 3185 465 3235 pro
484 3171 543 3221 hero
557 3184 643 3222 versus
665 3170 718 3220 illos
740 3170 913 3234 composuisse.

138 3241 209 3301 llajor
226 3241 361 3292 difficultas
378 3242 402 3290 in
423 3242 549 3304 στεφάνοις.
568 3261 580 3286 ν
601 3243 631 3290 B.
651 3241 699 3291 Sed
716 3241 747 3290 ab
759 3241 812 3290 aliis
826 3240 916 3290 criticis

136 3315 198 3361 recte
207 3311 394 3363 animadversus
403 3315 441 3363 est
453 3313 567 3376 antiquus
576 3315 601 3362 22
610 3313 710 3376 simplex
720 3311 783 3362 nitor
793 3311 913 3362 carminis.

136 3383 184 3431 222.
195 3383 341 3444 conjiciebat
419 3393 422 3401 ·

195 3513 263 3562 αἶνον
273 3514 333 3577 ἔχεις
343 3514 454 3577 χαρίτων,
463 3513 512 3562 2122
522 3513 610 3576 πάτραν
620 3517 753 3576 στεφανοῖς,

135 3639 204 3701 cajus
215 3639 364 3702 conjectura
375 3639 530 3690 incommoda
543 3639 640 3701 exponit
654 3639 789 3698 lleclrerus,
803 3637 854 3701 ipse
863 3652 915 3702 pro

135 3722 225 3770 ponens
241 3709 319 3758 lenem
333 3713 358 3758 22
375 3710 525 3774 aptissimam
538 3708 744 3767 emendationem,
755 3722 829 3771 quam
846 3721 913 3758 reca-

135 3779 222 3840 pimus.
242 3799 253 3821 ι
273 3781 381 3829 coronas
403 3793 499 3830 summa
521 3783 574 3829 2222
594 3781 620 3828 et
641 3781 770 3828 venustate
794 3781 915 3829 coritectas

135 3849 240 3912 arnallini
261 3849 329 3900 dedit
348 3850 410 3898 dona
431 3851 518 3900 artilex
538 3851 614 3911 Cyto,
632 3852 660 3898 ut
681 3863 779 3898 auream
802 3863 916 3899 coronam

136 3919 191 3969 item
207 3921 313 3982 Apollini
329 3921 415 3969 tribuit
429 3921 576 3970 Flamininus
595 3921 658 3970 Plut.
672 3921 747 3969 Flam.
762 3935 782 3971 c.
799 3927 834 3971 22.
846 3941 858 3965 ν
873 3925 913 3972 ln-

135 3991 247 4052 geniose,
264 3994 292 4040 22
308 3992 402 4053 omnia,
417 3991 532 4054 herglius
548 4011 555 4040 τ
571 3991 803 4054 «simplicissimum
819 3993 914 4044 tuerit:

135 4062 198 4108 αἶνον
215 4063 294 4121 ἔχοις·
305 4061 380 4126 χαῖρ’
396 4063 442 4114 ὢν.
463 4063 579 4120 δέσποτα,
593 4069 639 4117 τοῖς
660 4063 792 4123 asspirare,
815 4067 844 4113 ut
863 4065 915 4126 ipse

135 4131 196 4180 deus
209 4131 351 4189 invocatum
363 4132 406 4181 sed
415 4132 512 4181 videtur
526 4132 593 4180 aliud
606 4131 694 4192 latere,
707 4133 761 4182 2222.
772 4135 836 4182 αἶνον
845 4135 914 4198 ἔχεις,

134 4202 242 4264 Χαρίτων
251 4201 272 4249 δ’
280 4203 380 4250 ἕσπετ’
390 4203 453 4258 dxxix
463 4201 590 4264 στεφάνοις.
604 4221 615 4244 υ

164 4367 273 4415 (textit.
292 4366 391 4414 Lemma
405 4387 411 4414 ι
427 4367 541 4427 ἀνάθημα.
558 4386 570 4409 ι
585 4365 708 4428 agiturdc
721 4366 843 4427 victoriis,
854 4383 915 4430 quas

135 4435 272 4484 Simonides
290 4449 322 4485 er
341 4435 512 4486 certaminibus
535 4439 661 4499 poetarum
683 4435 915 4499 dithyrambicorum

136 4505 254 4555 retulerat
273 4527 278 4553 ι
295 4505 363 4567 quod
376 4505 467 4555 indicat
481 4508 619 4555 taurorum
633 4505 731 4556 mentio.
745 4509 773 4556 ln
784 4507 823 4556 bis
836 4513 914 4558 certa·
947 4565 949 4568 ,

136 4576 243 4625 minibus
263 4589 321 4624 eum
342 4577 431 4624 basum
452 4577 649 4626 llennionensem
669 4575 784 4628 habuisse
805 4577 916 4628 adversa-

136 4645 207 4704 rium,
216 4649 314 4694 constat
322 4659 350 4694 ex
360 4645 481 4709 aristoph.
491 4649 565 4708 vesp.
578 4651 645 4706 2392,
656 4646 698 4695 ubi
709 4661 733 4695 r.
744 4649 820 4698 schol.
833 4671 844 4692 a
855 4654 913 4700 Jac.

136 4744 166 4755 -
183 4725 190 4763 t
205 4717 333 4776 σιμωνίόης
352 4718 411 4778 ἤραο
435 4717 505 4776 Cod,
524 4735 537 4765 τ
551 4717 630 4780 posito
650 4731 724 4780 super
741 4723 825 4777 αο,122
846 4719 915 4770 22222

136 4789 215 4848 ipsso.
228 4787 327 4836 Editum
336 4787 429 4850 praehet
440 4787 598 4837 Tretzesloco
605 4801 661 4836 mox
672 4789 806 4840 al'ierendo.
814 4811 824 4831 ι
832 4791 916 4842 322222

137 4861 208 4918 poeta
218 4859 303 4906 tauros
318 4862 342 4906 ct
353 4857 474 4921 tripodas,
489 4857 557 4920 quod
571 4858 624 4906 aliis
637 4858 696 4908 locis
709 4859 818 4922 tripodas
833 4862 915 4911 abstu-

136 4927 210 4988 lerat,
227 4931 255 4978 ut
271 4928 382 4989 athenis,
397 4929 450 4978 aliis
463 4931 555 4978 tauros.
571 4949 582 4971 ν
596 4927 752 4980 8212222222.
770 4945 794 4994 p.
812 4937 863 4983 292.
880 4960 911 4968 -

136 5003 151 5048 3
165 5001 277 5056 τοοποίιιις
292 5004 338 5062 2μ.,
350 5001 430 5050 221222
444 5002 472 5060 θ’,
486 5000 586 5048 1122122.
603 5002 622 5058 l,
634 5015 657 5063 p.
680 5006 730 5051 229.
746 5029 777 5040 -
790 5004 827 5053 Ad
840 5003 914 5068 hujus

137 5069 253 5120 carminis
263 5071 447 5120 similitudinem
457 5084 596 5133 expressum
606 5075 643 5120 est
653 5072 798 5134 epigramma
808 5075 832 5123 in
842 5076 914 5125 simo.

138 5137 220 5186 uidem
232 5143 370 5200 mortuum,
383 5140 450 5204 quod
459 5141 532 5190 alieri
541 5143 639 5192 Tzetnes
656 5141 718 5192 tlist.
731 5147 751 5203 l,
764 5151 819 5207 932,
832 5160 845 5196 2
859 5147 915 5196 liac-

137 5206 234 5270 rbplide
248 5211 421 5276 compositum,
431 5213 464 5272 ,22
478 5213 562 5264 statuit
574 5213 787 5266 Scltneidewinus:

1023 541 1065 596 Ἓξ
1075 541 1111 590 ἐπὶ
1121 541 1276 600 πεντήκοντα,
1288 542 1418 604 Σιμωνίδη,
1428 543 1485 604 ἤραο
1496 541 1560 598 νίκας

1053 615 1093 661 καὶ
1103 614 1225 675 τρίποδας·
1237 614 1341 670 θνήσκεις
1352 613 1371 662 δ’
1381 615 1404 661 ἑν
1414 615 1502 676 Erasini
1514 613 1595 674 πεδίῳ.

1025 684 1087 745 Κεῖῳ
1099 684 1124 732 δὲ
1137 684 1228 745 μνήμην
1237 683 1334 744 λείπεις,
1343 685 1441 740 Ἕλλησι
1454 685 1475 732 δ’
1484 686 1577 733 ἔπαινον

1054 754 1171 808 abiu-sirau
1180 755 1255 816 ψυχῆς
1266 760 1307 810 σῆς
1318 757 1375 816 (τοῖς
1384 754 1534 815 Schneider.)
1543 755 1728 816 ἐπιγεινομὲνοις.

993 870 1109 932 Sequitur
1126 871 1150 919 in
1170 869 1259 920 Codice
1280 870 1426 934 epigramma
1447 871 1576 922 Simonidis
1593 869 1644 932 ium
1667 886 1741 937 supra

961 941 1094 991 exhibitum
1108 955 1133 990 2.
1150 946 1201 990 tta.

992 1091 1096 1141 ccxlv.
1114 1093 1213 1140 Lemma
1233 1110 1239 1138 ι
1262 1091 1367 1150 ἀνάθημα
1395 1112 1406 1132 ι
1427 1093 1578 1155 Epigramma
1599 1093 1741 1157 inscriptum

960 1159 1049 1224 tripodi
1063 1162 1097 1212 illi
1110 1176 1183 1225 quem
1194 1159 1284 1222 Gelon,
1299 1161 1401 1210 uictoria
1414 1161 1444 1210 dc
1457 1162 1697 1224 Carthaginiensibus
1710 1165 1742 1214 ad

961 1232 1085 1282 llimeram
1111 1236 1181 1296 parta
1204 1231 1301 1292 lotrnrp.
1319 1235 1357 1291 72,
1378 1245 1400 1280 a.
1424 1233 1454 1292 1),
1478 1247 1524 1281 222
1547 1247 1604 1282 cum
1627 1235 1742 1284 iratribus

961 1303 1062 1365 Apollini
1076 1303 1175 1352 dicarit.
1190 1301 1252 1350 Vide
1266 1301 1363 1351 Diodor.
1376 1305 1416 1360 iil,
1427 1309 1465 1352 22.
1478 1324 1489 1345 ιι
1504 1307 1560 1353 722.
1577 1305 1656 1354 222222
1674 1305 1742 1354 22122

960 1371 1043 1422 liasies
1057 1373 1154 1423 Pindari
1169 1372 1240 1434 Prin.
1253 1375 1273 1430 l,
1287 1377 1329 1423 tsi
1344 1393 1349 1420 :
1363 1377 1418 1435 psai
1430 1374 1453 1421 δὲ
1463 1375 1503 1422 τὸν
1514 1377 1531 1422 Γ
1532 1377 1607 1422 abuma
1616 1377 1669 1431 2222
1680 1377 1742 1426 tiet-

960 1445 1015 1503 φοὺς
1022 1445 1224 1508 φιλοφρονούμενον
1232 1444 1348 1492 ἀναθεῖναι
1358 1450 1392 1505 τῷ
1400 1449 1445 1506 terp
1455 1449 1553 1508 χρυσοῦς
1561 1446 1668 1506 τρίποδας
1678 1446 1740 1509 22122,

960 1511 1119 1576 ἐπιγράψαντα
1127 1519 1208 1562 ταῦτα’
1217 1514 1282 1573 Φημὶ
1293 1515 1343 1561 κτλ.
1358 1533 1369 1554 «ι
1385 1515 1417 1561 lix
1430 1514 1576 1576 2222211222
1591 1516 1662 1565 rertit
1676 1518 1742 1566 Bois·

961 1594 1020 1644 syus
1033 1584 1081 1633 l'it.
1098 1583 1189 1633 Simon.
1205 1595 1228 1646 p.
1246 1589 1297 1632 292.
1314 1603 1325 1626 ι
1341 1585 1370 1632 tt.
1389 1584 1452 1632 (tuni
1469 1583 1573 1632 Diodoro
1587 1587 1743 1636 consentiunt

961 1649 1066 1701 Phanias
1076 1651 1175 1702 tiresias
1186 1655 1212 1702 et
1224 1652 1396 1714 Theopompus
1410 1666 1448 1714 ap.
1463 1653 1550 1702 Allien.
1561 1656 1602 1713 l'l,
1612 1668 1635 1716 p.
1648 1661 1700 1716 231,
1713 1659 1739 1704 l'.

960 1729 1015 1771 -2
1029 1725 1174 1784 Δεινομένευς
1192 1721 1270 1771 schol.
1291 1723 1369 1783 Pind,
1385 1737 1436 1785 quo
1456 1723 1553 1773 nominc
1573 1729 1626 1775 erat
1644 1728 1741 1778 Gelonis

960 1796 1041 1854 palen
1056 1795 1178 1854 Διομένευς
1191 1793 1251 1844 Coti,
1263 1793 1354 1843 Deinde
1363 1795 1438 1844 221291.
1450 1797 1501 1850 τοὺς
1516 1797 1624 1858 τρίποδας
1640 1800 1739 1859 θέμεναι.

961 1862 1009 1912 Sed
1018 1863 1185 1914 Suidasetiam
1195 1878 1217 1912 r.
1227 1865 1338 1926 Δαρετίον
1348 1869 1374 1913 22
1384 1865 1462 1914 Codex
1470 1903 1476 1922 ‚
1485 1869 1509 1915 22
1519 1879 1582 1915 2222
1595 1867 1641 1916 t'uit
1652 1869 1740 1931 tripos.

960 1939 1013 1984 -3
1026 1937 1048 1990 ἐξ
1061 1935 1122 1984 Cod.
1136 1938 1161 1985 et
1179 1935 1259 1991 sutria
1270 1937 1374 1986 correxit
1391 1935 1518 1986 llrncllrins
1537 1939 1672 2002 ltetrolop.
1691 1945 1741 1990 Un-

961 2003 1073 2054 tcrsucb.
1085 2020 1109 2068 p.
1125 2013 1170 2057 295
1182 2009 1207 2056 22
1219 2010 1274 2064 392,
1286 2006 1327 2056 ubi
1347 2007 1394 2056 lroc
1405 2007 1539 2067 distichon,
1552 2022 1567 2057 a
1581 2007 1656 2058 schol.
1670 2011 1740 2060 l‘ind.

960 2079 1087 2138 omissum,
1094 2080 1405 2130 uindicatasrbnoidewini
1414 2084 1446 2144 tp.
1456 2087 1498 2132 223
1506 2083 1739 2148 seqqlsusplcione,

938 2132 941 2184 ¹
960 2149 1003 2229 qui
1017 2149 1169 2200 subdititium
1183 2151 1292 2214 putabat.
1304 2157 1354 2201 -2
1365 2153 1469 2214 ὃαρετίου
1479 2153 1562 2203 codex
1573 2159 1645 2214 tcum
1660 2158 1741 2220 suspi-

961 2220 1037 2270 cionis
1051 2224 1117 2282 nota)
1130 2225 1154 2272 22
1167 2221 1262 2271 Suidas.
1280 2242 1292 2266 ι
1310 2223 1425 2285 Boissyus
1441 2223 1586 2274 scltoliasten
1602 2228 1741 2289 exprimens

961 2289 1047 2339 vitarit
1059 2290 1228 2342 ditticultatem
1245 2305 1301 2354 quac
1315 2295 1353 2342 est
1367 2292 1391 2340 in
1404 2291 1523 2353 adieetiro
1536 2295 1658 2356 Δαριτίου,
1673 2297 1741 2358 quod

960 2373 1005 2408 nec
1027 2361 1124 2410 videtur
1138 2361 1287 2412 intellectam
1312 2363 1387 2411 tuisse
1407 2376 1422 2410 a
1441 2362 1528 2424 Suida,
1543 2365 1584 2426 qui
1609 2365 1693 2414 terico
1715 2367 1741 2416 id

961 2429 1025 2479 nude
1034 2431 1142 2482 inseruit.
1155 2431 1216 2481 hud.
1226 2432 1366 2481 Dindorsxus
1376 2433 1399 2480 in
1409 2431 1481 2482 atres.
1493 2435 1576 2496 Steplr.
1585 2435 1619 2484 ait
1628 2438 1740 2498 Δαρετίου

961 2513 1014 2550 esse
1026 2500 1108 2563 nihili,
1120 2516 1148 2552 ac
1160 2503 1256 2552 ridetur
1266 2502 1368 2566 probare
1379 2504 1532 2567 ll⁷esselingii
1546 2504 1607 2567 [sire
1621 2507 1739 2572 salmasii]

960 2571 1123 2634 corrjecturam
1143 2573 1245 2636 legentis
1257 2573 1354 2636 Δαρείοιι
1369 2572 1400 2622 22
1414 2573 1512 2624 Diodor.
1530 2576 1572 2635 ill,
1588 2582 1626 2624 22.
1642 2576 1740 2638 [llelius

961 2642 990 2688 0.
1004 2642 1121 2690 littllerus
1141 2643 1164 2690 in
1183 2643 1349 2702 22221212111,
1369 2655 1393 2704 p.
1405 2647 1444 2702 27,
1459 2649 1572 2704 Δαρεινοῡ
1588 2645 1645 2708 pp]
1664 2647 1740 2710 bingis

960 2709 1073 2771 equidem
1086 2711 1111 2759 in
1126 2713 1292 2762 llerrlleianurn
1306 2711 1418 2775 [tlissert.
1434 2711 1465 2762 22
1481 2712 1576 2764 Phalar.
1588 2727 1611 2777 p.
1627 2716 1680 2778 259]
1695 2722 1740 2766 Δα-

961 2783 1069 2842 μαρετίοα
1088 2782 1240 2840 inclinarem,
1253 2797 1299 2830 nen
1318 2787 1399 2832 tanim
1417 2783 1448 2832 22
1463 2797 1547 2846 paone
1562 2799 1618 2834 cum
1633 2787 1740 2836 Bentleio

960 2850 1080 2912 cogitans,
1092 2851 1134 2899 scd
1151 2852 1271 2912 scribens,
1289 2853 1374 2901 saltem
1389 2853 1561 2916 pmnuntians,
1576 2857 1714 2918 Δαμρετίον.
1727 2877 1739 2900 π

961 2923 991 2970 B.
1015 2921 1128 2972 Similiter
1150 2923 1258 2986 'l'oupssns
1280 2928 1305 2972 ct
1326 2924 1476 2974 Sclrneidew.
1498 2938 1523 2988 p.
1550 2931 1601 2976 292.
1623 2928 1741 2991 herglius

959 2993 1305 3055 222212222222222222222ι
1315 2994 1381 3042 anisi
1392 2995 1454 3044 tbrtc
1462 2998 1597 3059 Δαμαρέτου
1606 3001 1715 3060 praestat.
1727 3019 1738 3041 ν

959 3063 1073 3126 Νόμισμα
1086 3063 1228 3126 Δημαρὲτιον
1238 3067 1356 3113 memorat
1368 3064 1489 3115 Diodorus
1503 3066 1519 3115 l.
1532 3079 1552 3114 c.
1566 3070 1591 3116 et
1602 3069 1685 3118 Pollux
1699 3072 1739 3130 lli,

960 3137 999 3191 85,
1016 3132 1058 3182 ulti
1080 3147 1104 3182 v.
1124 3133 1261 3182 llcmsterli.
1283 3137 1308 3184 et
1329 3135 1391 3184 alios
1412 3149 1426 3184 a
1445 3135 1596 3186 Sclrneidcw.
1620 3139 1740 3191 indicatos

959 3216 983 3266 p.
999 3206 1088 3253 18212
1100 3203 1148 3252 222
1161 3205 1201 3260 τὰς
1213 3204 1309 3259 δεκάτας
1319 3205 1380 3254 222.
1391 3208 1415 3254 et
1428 3205 1494 3255 ς222.
1507 3233 1535 3244 -
1545 3215 1568 3268 5,
1578 3215 1601 3258 9.
1614 3209 1644 3258 112
1654 3223 1740 3261 versus

960 3271 1077 3320 suadente
1090 3271 1198 3322 Bentleic
1206 3272 1282 3322 additi
1291 3287 1319 3323 ex
1328 3273 1406 3325 schol.
1419 3275 1487 3324 Pind.
1498 3302 1524 3311 -
1536 3285 1558 3326 2.
1573 3279 1650 3340 «Χείρ
1658 3279 1740 3329 suillae

959 3345 997 3392 222
1011 3341 1084 3391 etiam
1098 3345 1113 3399 ἡ
1131 3344 1227 3404 βοήθεια
1243 3345 1283 3392 καὶ
1299 3347 1314 3401 ἠ
1332 3347 1435 3404 δύναμις.
1446 3349 1570 3402 Quantum
1583 3351 1667 3398 autem
1680 3365 1741 3413 ptae-

960 3412 1015 3462 sidii
1037 3415 1241 3475 Syracusanorum
1265 3417 1349 3463 eontra
1368 3414 1579 3478 Carthaginienses
1597 3424 1740 3482 susceptum

959 3482 1049 3532 bellurn
1063 3483 1154 3532 Groeeis
1165 3484 1285 3542 attulerit,
1304 3483 1376 3534 docet
1392 3483 1527 3534 llerodotus
1542 3488 1595 3543 Vll,
1615 3493 1657 3537 223
1671 3502 1737 3552 seqq.

959 3556 994 3602 Ac
1006 3553 1096 3602 dicitur
1106 3553 1181 3602 Gelon
1194 3567 1236 3602 eos
1250 3553 1342 3603 ludisse
1355 3553 1441 3604 eodem
1454 3553 1495 3603 die
1504 3569 1553 3616 quo
1566 3559 1646 3607 Persae
1659 3559 1690 3608 ad
1699 3567 1740 3610 sa·

959 3623 1048 3673 lamina
1056 3623 1176 3687 ingentem
1185 3621 1279 3672 cladem
1293 3627 1445 3686 acceperuut.
1460 3645 1471 3668 u
1481 3628 1539 3676 122.

990 3773 1081 3821 CCXV.
1096 3775 1196 3822 Lemma
1208 3791 1213 3819 :
1224 3772 1330 3833 ἀνάθημα
1338 3777 1367 3833 τῇ
1378 3777 1453 3830 Λητοῖ
1461 3773 1524 3834 παρὰ
1534 3779 1631 3823 ναυτῶν.
1644 3774 1740 3826 Profert

959 3842 1105 3893 Plutarchus
1118 3845 1154 3892 De
1167 3843 1264 3905 malign.
1278 3843 1365 3891 tlercd.
1380 3843 1394 3906 §
1408 3849 1447 3904 39,
1457 3857 1481 3906 p.
1493 3849 1547 3904 870,
1561 3846 1579 3892 F
1598 3865 1604 3893 :
1621 3848 1739 3909 Διοδώρου

959 3915 984 3963 δέ
994 3930 1054 3970 τινος
1062 3919 1108 3962 τῶν
1120 3913 1243 3976 Κοριν2ίων
1252 3913 1396 3977 τριηράρχων
1405 3915 1428 3962 ir
1437 3916 1492 3977 ίερῷ
1504 3917 1594 3970 Λητοῦς
1606 3915 1739 3977 ἀναθήμασι

960 3987 1071 4047 κειμένοις
1087 3987 1126 4034 καὶ
1136 3989 1205 4033 τοῦτο
1219 3985 1394 4047 ἐπιγέγραπταν
1409 3985 1479 4033 Ταῦτ’
1489 3986 1540 4032 κτλ.
1550 4011 1580 4020 -
1591 3989 1600 4034 i
1612 3987 1659 4035 dab
1670 3989 1740 4036 δυσα-

960 4045 1044 4119 μὲνων’
1054 4055 1145 4116 Codex,
1159 4059 1302 4118 corruptum
1319 4070 1350 4105 ea
1365 4057 1458 4118 222222,
1468 4057 1534 4118 quod
1552 4060 1659 4108 serravit
1673 4059 1737 4109 l'lut.

959 4134 1013 4176 -2
1025 4122 1130 4176 ἀνέθεντο
1144 4131 1219 4176 Λατοῖ
1235 4126 1295 4176 cod.
1309 4131 1334 4176 et
1352 4127 1406 4176 libri
1421 4127 1553 4178 Plutarchi.
1570 4147 1582 4170 a
1599 4129 1738 4180 Putandum

959 4212 1007 4247 non
1020 4201 1058 4262 pst
1070 4197 1178 4261 potuisse
1189 4197 1336 4247 simonidem
1355 4197 1386 4246 dc
1398 4198 1535 4260 quantitate
1547 4198 1651 4248 nominis
1665 4205 1740 4250 Λατοῖ

960 4280 1047 4317 errare.
1059 4268 1190 4317 Passorius
1202 4268 1342 4330 proposuit,
1355 4267 1407 4316 ὅπλ’
1426 4271 1507 4318 ἔθεσαν
1517 4271 1548 4317 Λ.
1561 4268 1698 4318 Larcherus
1707 4269 1739 4319 ad

960 4338 1082 4389 Plutarchi
1093 4339 1173 4388 locum
1184 4338 1245 4388 inter
1258 4339 1393 4388 llcrodotea
1406 4341 1426 4388 t.
1436 4341 1477 4398 l'l,
1488 4353 1511 4402 p.
1522 4343 1577 4398 299,
1588 4339 1673 4388 vitium
1690 4353 1738 4390 non

958 4412 997 4458 est
1014 4409 1137 4458 odoratus.
1159 4427 1170 4450 ν
1188 4409 1219 4457 Β.
1230 4407 1346 4456 Certatim
1362 4411 1518 4457 correxerunt
1533 4409 1678 4468 lllomlreld.‚
1693 4412 1740 4458 Do-

960 4475 1054 4541 22222,
1069 4477 1198 4528 Brrclhius
1216 4478 1240 4526 22
1262 4479 1334 4541 Corp.
1355 4481 1442 4528 lnscrr.
1456 4481 1476 4538 l,
1499 4493 1522 4542 p.
1533 4483 1573 4539 27,
1592 4486 1738 4543 receperunt

960 4548 1110 4599 Schneidew.
1128 4547 1306 4618 2213222222
1324 4547 1445 4597 22222222
1464 4549 1523 4610 1,p.
1546 4553 1588 4598 233
1609 4568 1616 4598 :
1638 4568 1650 4591 ν
1670 4553 1739 4600 lianc

960 4619 1028 4668 verbi
1043 4621 1146 4668 t‘ormam
1158 4616 1237 4679 poetis
1251 4615 1365 4666 usitatam
1387 4617 1464 4666 tuisse
1485 4631 1554 4681 nego.
1569 4639 1581 4663 ν
1598 4619 1664 4669 Plut.
1681 4637 1738 4670 ναιε-

961 4691 1055 4753 μαχίης.

990 4861 1093 4908 cext't.
1109 4861 1207 4907 Lemma
1223 4871 1228 4899 ἰ
1244 4858 1351 4919 ἀνάθημα
1364 4862 1398 4918 τῷ
1409 4857 1445 4906 Διὶ
1457 4859 1520 4921 παρὰ
1539 4859 1621 4907 Σώαου
1631 4861 1670 4906 καὶ
1684 4862 1735 4908 Σιο-

960 4937 1023 4986 σοῦς.
1037 4951 1048 4971 ιι
1060 4931 1147 4978 Natum
1161 4941 1248 4976 nornen
1257 4929 1310 4983 Διὸς
1324 4941 1354 4976 ex
1365 4929 1562 4991 interpretatione
1575 4928 1679 4978 nominis
1688 4947 1737 4978 σω·

959 5008 1025 5064 ςῆρι,
1039 4999 1106 5062 qnod
1120 5013 1196 5061 quum
1210 5011 1295 5047 versus
1315 5003 1453 5061 respueret,
1473 4999 1559 5061 scripsi
1578 5001 1683 5062 σωτήρια
1706 5013 1737 5048 ex

960 5073 1101 5134 conJectnra
1118 5069 1164 5117 riri
1180 5069 1206 5118 d.
1224 5067 1264 5130 [in
1285 5068 1392 5130 margine
1413 5067 1544 5130 apographi
1561 5081 1611 5130 qno
1625 5068 1736 5118 Reislrius

960 5141 1165 5202 2222222212.
1185 5159 1196 5180 ι
1211 5135 1364 5197 abiudicarit
1382 5136 1580 5187 Schneidenirms
1604 5138 1736 5200 Simonidi,

961 5213 1002 5266 sed
1020 5215 1134 5263 insertam
1149 5213 1186 5261 cst
1200 5209 1310 5273 genuinis
1325 5208 1518 5272 epigrammatis,
1539 5225 1618 5274 22222
1630 5211 1685 5262 22122
1697 5212 1737 5260 12-
