3960 5936
277 441 336 496 tts

312 567 452 644 ἐκρέμασεν
467 571 531 634 Δηοῖ
549 569 578 641 τῇ
594 564 820 643 σταχυοστειριίνιρ.

473 711 538 759 105.
561 701 842 759 ΑΠΟΛΛΩΝΙΔΟΥ.

271 837 386 912 Τρίγλαν
402 837 448 890 ἀπ’
463 837 602 910 ἀνθρακιῆς
616 833 661 891 καί
673 832 767 912 φυκίδα
783 833 837 905 σοὶ,
849 833 959 908 λιμενῖτι

311 917 434 999 Ἄρτεμι,
451 921 581 1000 δωροῦμαι
594 923 703 991 Μῆνιςθ
722 919 883 990 δικτυδόλος,

272 1009 315 1066 καί
332 1005 425 1086 ζωρὸν,
442 1006 551 1085 κεράσας
572 1005 716 1085 ἰσοχειλὲα,
731 1007 775 1064 καὶ
789 1008 880 1086 τρόρος
895 1006 988 1084 ἄρτου,

311 1087 373 1152 udos
386 1094 542 1173 ἐπιθραόσας
552 1139 559 1168 ,
570 1093 617 1164 τὴν
631 1093 755 1172 πενιχρὴν
770 1096 874 1165 θυσίην·
913 1163 915 1168 ,

241 1195 246 1210 '
272 1181 324 1238 ἀνθ’
336 1173 366 1251 ἧς
380 1203 423 1256 μοι
438 1179 584 1252 πλησθέντα
601 1179 670 1237 δίδου
685 1180 831 1259 θηράμασιν
848 1177 901 1237 αἰὲν

312 1267 417 1325 δίκτυα·
431 1267 471 1324 σοί
482 1266 584 1326 δέδοται
600 1267 704 1340 πάντα,
718 1267 851 1346 μάκαιρα,
864 1267 931 1324 λίνα.

557 1417 621 1468 toa.
647 1410 756 1469 ΖΩΝΑ.

271 1551 295 1607 Τ
297 1553 356 1606 ciacc
370 1547 425 1620 σοί,
440 1549 581 1624 θληκοῖτα,
592 1550 649 1607 κατ’
664 1549 783 1628 ἄγριάδος
795 1547 936 1608 πλατάνοιο

312 1636 397 1714 δέρμα
410 1635 597 1719 λυκοῤῥαίοτης
611 1638 754 1714 ἐκρέμασεν
768 1637 904 1708 Τελίσων,

274 1723 316 1782 καί
331 1725 377 1784 adv
391 1726 420 1784 ἐκ
435 1726 544 1782 κοτίνοιο
561 1725 727 1802 καλαύροπα,
739 1723 785 1782 τάν
799 1747 868 1781 ποκα
885 1727 959 1795 τῆνος
981 1737 984 1742 “

311 1812 423 1870 πολλάκι
440 1811 575 1892 ρομόητδιν
594 1814 623 1869 ἐκ
637 1811 711 1890 χερὸς
727 1809 876 1890 ἠκροθόλει.

273 1899 352 1958 Ἀλλὰ
365 1900 397 1956 ιθ
405 1943 413 1972 ,
427 1898 487 1959 Πὰν
503 1903 622 1976 βουνίτα,
635 1897 669 1956 'cd
682 1897 719 1971 μὴ
728 1897 862 1956 πολόολὸά
873 1921 901 1955 τι
914 1897 983 1965 δέξαι

313 1988 397 2065 δῶρα,
411 1987 455 2045 καί
472 1989 574 2066 εθαγρεῑ
591 1989 658 2066 τῷδε
672 1987 801 2045 πέτασσον
814 1985 880 2064 ὄρος.

510 2129 574 2178 107.
600 2119 804 2178 ΦΙΛΙΠΠΟΥ.

312 2247 469 2328 Ὑλησκόπῳ
484 2244 517 2324 με’
532 2249 601 2308 Πανί
612 2247 735 2327 θηρευτὴς
749 2247 836 2308 Γέλων

311 2336 386 2408 ἔθηκε
401 2336 499 2413 λόγχην
509 2379 516 2407 ,
526 2327 557 2406 ἧς
573 2335 695 2412 ἀπέθρισε
712 2334 801 2414 Ιχρόνος

313 2423 400 2498 ἀκμὴν
413 2425 439 2481 ἐν
456 2423 537 2502 ἔργιρ,
553 2422 599 2481 καί
610 2423 686 2480 λίνων
703 2423 886 2502 πολυστρόφων

311 2509 403 2587 γεραιὰ
419 2511 517 2593 τρύχη,
532 2511 577 2567 καί
588 2509 674 2588 πάγας
689 2509 845 2588 δεραγγέας,

312 2598 486 2673 νευροπλεκεῑς
498 2619 525 2653 τε
541 2595 679 2654 κνωδάλων
695 2596 847 2674 ἐπισρόρους

311 2682 387 2746 ὠκεῖς
398 2681 552 2759 ποδίστρας,
564 2681 609 2740 καί
623 2683 867 2760 τραχηλοδεσπότας

310 2765 413 2833 κλοιοθς
427 2767 579 2846 κυνοόχους·
592 2769 653 2847 γυῖα
667 2769 717 2848 γὰρ
736 2770 825 2845 δαμείς
837 2769 923 2850 χρόνῳ

312 2858 420 2913 ἀπεῖπεν
433 2853 483 2926 ἤδη
493 2853 541 2924 τὴν
560 2855 690 2934 ὀρεινόμον
702 2856 814 2926 πλάνην.

524 2996 589 3046 tos.
612 2987 796 3046 ΜΥΡΙΝΟΥ.

274 3116 397 3194 ’λ’ψηλῶν
411 3116 490 3194 θρίων
509 3115 611 3194 ἔφοροι,
627 3109 715 3193 κεραοὶ
729 3125 914 3194 χοροπαῖκται,

316 3207 414 3274 Πᾶνες,
427 3204 555 3282 pampilion
568 3202 706 3286 κράντορες
720 3202 867 3281 Ἀρκαδίης,

273 3291 378 3366 ιῦαρνον
392 3289 476 3360 θείητε
485 3289 532 3347 καί
545 3289 685 3369 εὗχίμαρον
699 3289 835 3364 Διότιμον,
931 3317 934 3322 ·

312 3376 445 3452 δεξάμενοι
460 3378 582 3454 λαμπρῆς
594 3377 665 3454 δῶρα
680 3375 830 3448 θυηπολίης.

486 3515 550 3564 109.
578 3505 834 3566 ΑΝΤΙΠΑΤΡΟΥ.

273 3635 405 3716 Γηραλίον
421 3634 528 3716 νεφέλας
540 3641 633 3715 τρῦχσς
646 3635 718 3708 τόδε,
730 3635 774 3694 καλ
783 3634 925 3715 τριέλικτον

313 3721 450 3802 ἰχνοπίδαν
459 3769 467 3797 ,
477 3723 522 3781 καλ
535 3723 581 3791 τὰς
592 3732 747 3802 νιυροτενεῑς
760 3723 886 3801 παγίδας,

272 3811 389 3877 κλωόοός
409 3809 431 3868 τ’
456 3811 639 3892 αἰμρίρρωγας,
656 3811 837 3878 σίνασπαστοός
855 3834 882 3868 τε
900 3809 1042 3890 δεράγρας,

234 3957 237 3964 ,
312 3897 357 3954 καί
369 3897 429 3974 ταιρί
442 3899 581 3974 θηγαλέους
594 3897 729 3974 ὀξυπαγεῖς
740 3899 885 3968 στάλικας,

235 4007 247 4043 s
275 3982 317 4042 καί
330 3982 377 4040 ads
393 3983 512 4042 εὗκολλον
527 3985 600 4062 δρυὸς
616 3985 729 4061 ἰκμάδα,
743 3985 787 4044 τόν
801 4009 828 4043 τε
845 3986 961 4052 πετηνῶν

314 4069 439 4148 ἀγρευτδιν
452 4071 495 4150 ἰξῷ
508 4071 633 4152 μυδαλίον
649 4072 759 4146 δόνακα,

308 4237 363 4284 llaec
371 4236 413 4284 tibi
426 4238 546 4302 suspendit
556 4253 664 4299 trtuuera,
676 4253 759 4301 magna
768 4241 852 4288 Ceres.

536 4355 590 4401 105.
612 4367 778 4400 aroenoutnls.

275 4467 310 4511 De
324 4472 394 4528 portu
408 4463 498 4526 summ,
511 4467 658 4532 mullumqua
676 4481 752 4532 prope
763 4467 855 4532 ignibus
868 4477 944 4515 ustum

308 4545 411 4592 Piscator
423 4544 507 4594 Theris
518 4548 596 4610 dono,
608 4549 693 4611 Diana,
708 4550 766 4611 tibi;

277 4628 410 4692 Poenisque
418 4628 447 4676 ad
459 4629 553 4678 labrum
564 4631 706 4694 spumantia,
719 4630 838 4696 frustaque
850 4629 916 4695 panis

307 4708 379 4758 Arida
387 4745 394 4772 ,
402 4709 432 4758 de
443 4709 490 4758 sita
504 4712 646 4776 pauperiore
657 4727 732 4761 sacra.

276 4795 321 4840 Pro
336 4791 421 4855 quibus
430 4793 544 4857 aequoreis
559 4803 584 4841 tu
594 4793 624 4842 da
633 4788 692 4842 mihi
705 4794 764 4844 ditia
780 4795 864 4860 predis

307 4877 387 4938 Retia,
402 4877 504 4926 linomm
517 4893 572 4926 nam
586 4892 657 4941 genus
672 4895 742 4928 omne
756 4889 821 4928 tunm
836 4889 880 4928 cst.

586 4989 640 5036 106.
662 5004 737 5038 ιοιιιιι,

276 5104 343 5151 lianc
355 5101 398 5150 tibi
411 5101 455 5150 sub
464 5103 559 5168 platano
567 5104 666 5153 Telsson
676 5107 798 5170 suspendit
810 5109 893 5170 agresti

311 5188 445 5234 Detractum
461 5186 546 5251 pellem
560 5187 589 5234 de
603 5187 720 5237 moriente
730 5189 799 5253 lupo,

826 431 1075 491 ANTttottlutAE
1098 427 1295 488 Paltt'tNAE

1114 567 1238 632 suspendit
1251 566 1331 616 cereri
1344 565 1561 614 aristiscoronate.

1330 710 1379 754 105.
1397 703 1608 752 APOLLONIDAE.

1084 848 1184 897 llullum
1197 861 1212 896 a
1223 845 1365 896 carbonibus
1378 848 1402 894 et
1418 843 1546 907 phycidem
1562 842 1621 903 tibi,
1634 844 1853 906 portuum-praeses

1114 933 1203 992 Dialia,
1216 931 1279 981 dono
1293 931 1370 982 Meuia
1383 929 1583 993 qui-retla-jaeio,

1083 1022 1108 1070 et
1127 1033 1232 1080 merum,
1251 1021 1411 1082 temperatum
1431 1031 1509 1080 usquc
1520 1017 1626 1068 ed-labra
1644 1018 1744 1080 poculi,
1759 1021 1784 1068 et
1801 1019 1854 1066 tm·

1115 1107 1208 1156 siccum
1222 1106 1344 1168 intritum,
1359 1105 1473 1168 pauperis
1486 1104 1632 1154 sacrificium
1647 1119 1652 1146 =
1682 1104 1758 1168 [stum
1769 1105 1853 1168 pams,

1084 1207 1128 1257 pro
1140 1207 1188 1256 quo
1202 1193 1261 1244 milri
1274 1194 1344 1257 plena
1354 1193 1386 1242 da
1393 1191 1521 1242 venatibus
1536 1205 1630 1256 semper

1116 1281 1194 1330 retia:
1209 1280 1267 1340 tibi,
1278 1280 1359 1340 beata,
1373 1279 1502 1328 data-sunt
1510 1279 1591 1327 omnia
1599 1279 1655 1327 lina,

1392 1427 1443 1472 106.
1461 1423 1558 1470 zottffi.

1087 1565 1138 1612 Hoc
1149 1560 1206 1622 tibi,
1217 1560 1323 1610 silvicola
1335 1561 1404 1619 Pon,
1417 1556 1448 1608 de
1457 1558 1549 1607 rustica
1561 1557 1657 1620 platano

1117 1649 1195 1700 vellus
1209 1647 1333 1710 suspendit
1343 1645 1563 1709 lupomm-occisor
1578 1645 1677 1720 Talem,

1087 1742 1112 1788 et
1125 1752 1156 1788 cx
1167 1737 1270 1787 oleastro
1279 1733 1381 1800 [aciatos
1395 1733 1499 1797 pedum,
1512 1731 1579 1794 quod
1594 1731 1652 1781 olim
1666 1731 1706 1780 ille

1118 1838 1182 1888 sape
1193 1820 1447 1872 turbinis-in-modum
1461 1834 1474 1869 c
1486 1833 1560 1868 mann
1569 1817 1728 1882 jaculabatur.

1087 1915 1118 1962 At
1126 1915 1163 1970 tu,
1173 1914 1223 1960 Pan
1230 1909 1435 1968 colles-habitans,
1443 1911 1468 1957 et
1476 1906 1529 1956 [που
1538 1906 1636 1955 minime
1642 1903 1768 1968 magnifica
1776 1905 1863 1967 accipie

1118 2000 1195 2059 dona,
1206 2001 1231 2048 et
1245 1994 1527 2046 tausinanum-venanti
1536 1992 1593 2042 huic
1604 1993 1670 2056 aperi
1684 1994 1801 2042 montem.

1364 2141 1416 2186 107.
1438 2137 1583 2185 Ptttttt’t't.

1087 2277 1354 2342 Nemomminspectori
1367 2291 1407 2326 me
1420 2267 1479 2325 stari
1495 2279 1596 2326 venator
1605 2275 1663 2324 Gelc

1087 2365 1168 2427 posuit
1181 2365 1290 2425 hesum,
1305 2365 1375 2426 cujus
1387 2363 1494 2412 decussit
1508 2365 1604 2426 tempus

1088 2452 1211 2516 cuspidem
1224 2451 1286 2502 inter
1298 2465 1375 2514 opus,
1384 2451 1524 2500 aclinorum
1534 2449 1682 2500 versatilium

1050 2537 1053 2544 ⁴
1088 2541 1185 2588 vetusta
1197 2539 1343 2601 fragmenta,
1356 2541 1381 2588 ct
1392 2537 1492 2601 laqueos
1503 2537 1769 2600 qui-collum-angunt,

1010 2619 1017 2634 ‘
1088 2627 1303 2688 nervisque-textas
1314 2624 1419 2674 serarum
1430 2623 1672 2696 malleolisaptandas

1088 2713 1178 2762 celeres
1191 2712 1302 2776 pedicas,
1318 2715 1343 2761 et
1356 2711 1642 2773 cervicibnsimperantia

1089 2800 1185 2850 collaria
1197 2798 1474 2863 quacuuescontinent.
1484 2797 1592 2847 Membra
1608 2797 1673 2846 enini
1688 2795 1797 2846 domitus
1809 2809 1863 2844 aro

1089 2885 1205 2935 valedixit
1216 2885 1266 2946 J'am
1275 2885 1419 2948 montiuagis
1434 2885 1564 2934 erroribus.

1379 3029 1430 3075 tos.
1447 3026 1569 3074 tttutttt.

1088 3136 1241 3187 Excelsorum
1253 3136 1372 3186 montium
1385 3135 1546 3198 inspectores,
1557 3133 1651 3184 cornuti
1665 3134 1861 3183 chorearum-lu-

1119 3225 1209 3282 Panes,
1220 3235 1346 3284 pascuosae
1359 3221 1449 3270 domini
1463 3220 1584 3280 Arcadiae,
1764 3218 1860 3282 [soros

1088 3306 1313 3372 agnomtndiritem
1325 3305 1397 3356 tacite
1409 3309 1435 3356 et
1447 3305 1703 3368 divitem-capellamm
1712 3306 1860 3362 Diotimunt‚

1120 3395 1265 3458 accipientes
1274 3392 1393 3456 splendidi
1402 3393 1465 3442 dona
1475 3392 1593 3442 sacriticii.

1351 3533 1401 3578 tos.
1420 3527 1594 3577 sustentat.

1089 3641 1205 3691 vetulum
1215 3643 1280 3691 hunc
1290 3640 1442 3690 arium-retis
1452 3653 1572 3704 pannum,
1584 3641 1610 3690 et
1619 3639 1862 3690 trinis-liciis-tlesam

1119 3729 1242 3793 pedicam,
1255 3731 1281 3778 et
1293 3728 1479 3791 neruis-junctos
1489 3727 1607 3789 laqueos,

1089 3829 1224 3878 caveasque
1233 3815 1460 3875 circum-laceratas,
1473 3817 1498 3864 et
1507 3812 1862 3864 sursum-trahendamlli·sin-

1119 3906 1145 3952 et
1157 3903 1212 3966 igne
1226 3904 1323 3962 acutos,
1338 3901 1574 3963 acriter-pmigentes
1586 3898 1672 3962 palos,
1778 3899 1862 3963 [cula‚

1088 3993 1113 4040 ct
1124 3989 1357 4052 bene-glutinantern
1371 3999 1477 4049 quercus
1489 3987 1616 4036 humorem
1629 3987 1761 4046 (viseum),
1776 3989 1801 4036 ct
1815 4003 1860 4036 νο-

1119 4073 1344 4134 venaticam,visoo
1360 4072 1510 4135 madentem,
1525 4073 1680 4133 arundinem,
1751 4073 1864 4137 [latiliurn

1090 4234 1252 4298 Apposuitque
1262 4233 1332 4280 simui
1345 4232 1389 4281 sub
1400 4232 1484 4282 fronde
1493 4233 1592 4282 virentis
1605 4234 1673 4282 cline

1121 4319 1186 4376 lloc,
1200 4329 1241 4362 sua
1255 4314 1318 4378 quod
1331 4313 1400 4363 solita
1411 4324 1447 4362 est
1456 4315 1540 4363 dextra
1554 4324 1643 4376 rotare,
1660 4315 1753 4381 pedum.

1089 4399 1124 4444 Τιι
1134 4396 1198 4460 juga,
1207 4399 1301 4454 Fauna,
1312 4403 1406 4451 tenens,
1418 4403 1543 4443 contentus
1553 4411 1658 4460 paupere
1669 4395 1741 4455 dono,

1122 4483 1166 4527 Fac
1178 4479 1208 4527 sit
1221 4477 1244 4526 in
1258 4477 1303 4526 hoc
1322 4477 1356 4526 illi
1368 4493 1481 4543 prospera
1492 4477 1570 4543 praeda
1580 4477 1645 4542 jugo.

1257 4683 1260 4690 .
1361 4658 1413 4706 ¹⁰9·
1438 4657 1580 4690 ιιιτιιυιτιιι.

1088 4790 1137 4834 llos
1149 4795 1238 4835 veteres
1249 4785 1340 4836 nebule
1351 4802 1450 4852 pannos,
1462 4786 1585 4850 frangique
1594 4793 1716 4849 negantem

1121 4870 1155 4915 Ex
1164 4867 1242 4916 nemis
1256 4868 1375 4932 laqueum,
1391 4867 1514 4932 vinclaque
1526 4868 1666 4931 tergemina,

1090 4953 1119 4997 Et
1130 4959 1210 5014 ruptas
1220 4965 1301 4998 caveas
1312 4960 1336 4998 et
1345 4949 1500 4999 subsultantia
1511 4949 1560 5005 tta,

1121 5033 1150 5078 Et
1165 5046 1216 5094 qum
1227 5030 1257 5079 de
1265 5029 1358 5081 flamma
1369 5031 1433 5080 venit
1444 5040 1512 5080 acuta
1521 5031 1600 5091 sudes,

1089 5113 1205 5178 Quodque
1222 5113 1275 5164 fluit
1288 5115 1377 5164 lentum
1391 5116 1420 5164 de
1434 5115 1535 5170 robore,
1550 5130 1649 5180 qumque
1656 5114 1760 5162 collieres

1122 5197 1215 5260 Captat,
1225 5205 1248 5245 et
1262 5213 1289 5244 ex
1299 5197 1361 5246 risco
1372 5213 1463 5261 semper
1473 5197 1563 5246 arundo
1575 5197 1661 5257 madet,
