3960 5936
199 455 256 515 bil

432 601 499 652 8⁰5.
524 592 727 698 nannroon.

195 727 352 807 Λαόροσίινρ
366 730 427 789 τάδε
439 731 509 809 δῶρα
522 729 670 810 ριλευχόλιρ
682 752 711 789 τι
725 733 862 812 Ααρυγμῷ

235 815 333 885 θήκατο
346 817 359 841 '¹
371 817 484 886 δεισόζου
496 817 606 896 Δωριέος
617 817 731 898 κεραλά·

196 901 244 968 τὼς
258 904 424 983 Λαρισσαίως
440 906 615 985 βουγάστορας
626 910 772 986 ἓψητῆρας,

233 990 278 1046 καὶ
293 992 410 1072 χύτραις,
424 994 469 1052 καί
480 983 528 1051 rto
543 996 673 1072 εὐρυχαδῆ
686 994 797 1062 κύλικα,

195 1077 238 1135 καί
252 1077 300 1136 τδιν
315 1081 480 1159 εὐχάλκωτον
493 1079 655 1158 ἐθγναμπτόν
667 1104 694 1138 τι
704 1081 846 1160 κρεάγραν,

233 1166 278 1224 καὶ
291 1171 412 1240 κνῆστιν,
426 1169 472 1228 καί
483 1169 530 1226 τάν
546 1167 675 1226 ε’τνοδόνον
690 1168 808 1246 τορόναν.

197 1255 365 1330 θαόροσιίνα,
386 1255 416 1314 σὺ
432 1256 553 1316 δὲταῦτα
567 1262 648 1316 κακοῦ
660 1256 728 1315 κακά
740 1257 887 1336 δωρητῆρος

234 1341 381 1422 δεξαμένα,
396 1345 499 1411 νεόσαις
514 1343 550 1421 μή
569 1367 638 1402 ποκα
651 1343 827 1424 αωρροοόναν.

420 1513 487 1562 306.
511 1500 741 1562 ΑΡΙΣΤΩΝΟΣ.

196 1641 296 1719 Χότρον
310 1663 367 1711 τοι,
380 1639 477 1710 ταύτην
490 1663 518 1697 τε
532 1637 689 1718 κρεαγρίδα,
703 1638 749 1697 καὶ
766 1643 925 1717 βαθοκαμπῒγ

232 1729 321 1785 κλεῖδα
337 1729 421 1798 συῶν,
436 1726 480 1784 καί
494 1727 540 1785 τάν
556 1727 686 1784 έτνοδόνον
702 1725 827 1806 τορόναν,

192 1815 238 1872 καί
253 1813 375 1893 πτερίναν
392 1817 498 1896 ῥιπίδα,
514 1813 691 1894 ταναίχαλκόν
702 1839 730 1872 τε
745 1815 860 1892 λέόητα,

232 1901 278 1960 σὺν
292 1901 411 1972 πελέκει,
425 1901 469 1960 καί
483 1899 529 1958 τδιν
541 1901 702 1976 λαιμοτόμαν
715 1902 846 1981 σφαγίδα,

153 2009 166 2047 ο
192 1992 280 2067 ζωμοῦ
295 1993 318 2047 τ’
334 1993 400 2066 ἀμφ’
411 1989 538 2048 ὀδελοῖσιν
554 1989 714 2068 άρυατρίδα,
730 1989 773 2047 τόν
784 2012 811 2046 τε
826 1993 916 2067 μαγῆα

231 2076 345 2152 σπόγγον
360 2076 409 2134 barb
426 2076 537 2154 στιὸαρᾷ
554 2076 703 2152 κεκλιμένον
719 2075 824 2149 κοπίδι,

191 2162 235 2220 καὶ
249 2169 337 2225 τοῦτον
353 2163 489 2242 δικάρανον
503 2163 644 2242 άλοτρίόα,
660 2163 706 2222 oin
721 2162 747 2222 δὲ
763 2164 849 2224 θυείαν

231 2250 367 2329 εὔπετρον,
382 2249 486 2309 καλιάν
501 2250 645 2330 κρέιοδόκσν
660 2251 788 2324 σκαφίδα,
894 2259 898 2268 “

191 2337 331 2418 οθψοπόνος
345 2337 464 2419 Σπίνθηρ
480 2337 568 2416 Ἐρμῇ
582 2339 645 2397 τάδε
657 2337 777 2414 σόμόολα
790 2337 883 2418 τέχνας

142 2441 167 2480 ιο
232 2426 349 2499 θήκατο,
367 2425 521 2494 δουλοσύνας
534 2425 612 2505 ἄχθος
623 2427 805 2504 ἀπωσάμενος.

457 2592 525 2644 sor.
548 2584 704 2645 baillol.
740 2577 744 2588 “

193 2723 315 2799 Εὖγάθης
328 2722 476 2789 λαπιθανδς
486 2723 640 2802 ίσοπτρίδα,
653 2722 699 2782 καί
708 2723 847 2802 ριλέθειρον

233 2811 352 2882 σινδόνα,
367 2809 413 2868 καί
430 2811 544 2869 πετάσου
559 2811 654 2889 ράρσος
675 2807 827 2884 θποξόριον,

193 2896 238 2956 καί
249 2896 366 2976 ψήκτραν
381 2897 507 2954 δονακῖτιν
521 2897 668 2967 ἀπέπτυσε,
682 2897 728 2952 καί
737 2893 898 2962 λιθοκώπους

234 2986 412 3064 ρασγανίδας,
425 2981 470 3042 καί
483 2981 540 3049 τοὺς
554 2986 697 3061 συλόνυχας
707 2983 849 3060 στόνυχας·

194 3073 289 3146 ἔπτυσε
300 3069 327 3130 δέ
338 3072 462 3150 ψαλίδας,
472 3068 535 3149 lupis
549 3071 594 3129 καὶ
608 3071 703 3150 θρόνον,
717 3073 751 3136 εἰς
763 3071 784 3128 δ’
794 3070 965 3152 Ἐπικούρου,

233 3166 347 3236 κουρεῖον
362 3156 508 3237 προλιπὼν,
525 3158 607 3220 ἅλοιτο
620 3159 797 3236 κηπολόγους,

193 3246 254 3319 Ιἔνθα
266 3247 346 3326 λύρας
357 3246 449 3318 ἤκουεν
462 3245 531 3312 ὅπως
545 3246 614 3315 ὄνος·
628 3243 709 3304 ὤλετο
723 3247 745 3304 δ’
755 3247 785 3305 άν
800 3270 850 3306 που

232 3335 385 3412 λιμώσαων,
401 3337 423 3392 el
437 3331 474 3412 μὴ
487 3333 576 3412 στέρξε
589 3334 788 3415 παλινδρομίαν,

393 3495 463 3546 ³08.
485 3483 767 3544 ΑΣΚΛΗΠΙΑΔΟΥ.

194 3615 312 3686 Νικήσας
325 3613 385 3682 τοθς
398 3615 507 3690 παῖδας,
523 3613 580 3673 ἐπεί
594 3612 663 3671 καλά
677 3612 811 3692 γράμματ’
825 3612 947 3693 ἔγραψεν,

236 3703 364 3784 Κόνναρος
377 3703 514 3780 ὀγδώκοντ’
529 3702 706 3780 ἀστραγάλους
717 3700 822 3778 ἔλαθεν,

194 3791 278 3868 κάμὲ,
291 3793 367 3871 χάριν
382 3789 515 3862 Μούσαις,
525 3789 567 3847 τὸν
582 3788 697 3862 κωμικὸν
712 3781 763 3848 tite
778 3789 890 3868 Χάρητα

234 3877 381 3959 πρεσόότην
396 3877 498 3957 θορόόῳ
513 3875 610 3947 θήκατο
625 3876 779 3956 παιδαρίων.

433 4034 501 4084 309.
525 4023 725 4095 nunninus.

196 4169 321 4250 Εὕρημόν
335 4192 376 4228 τοι
389 4177 512 4248 σφαῖραν,
525 4165 679 4245 ἐϋκρόταλόν
693 4189 722 4223 τε
736 4168 871 4240 Φιλοκλῆς

235 4259 347 4338 Ἑρμείῃ
360 4257 457 4328 ταύτην
471 4255 589 4326 πυξινέην
605 4254 752 4332 πλατάγην,

470 4447 527 4495 305.
546 4461 677 4493 aararonra.

196 4581 265 4628 Hauc
275 4577 347 4626 ollam
362 4587 528 4638 creagramque
541 4587 598 4621 cara
613 4587 667 4620 eum
680 4569 746 4618 clare
757 4569 837 4632 sullis,

219 4664 260 4712 'Et
270 4659 379 4709 cochlear
387 4668 492 4708 saturum
508 4659 573 4724 pulte
583 4657 645 4722 qnod
656 4672 705 4704 esse
716 4655 788 4716 solet;

196 4746 302 4808 Quaeque
316 4740 394 4790 lerunt
406 4748 501 4788 rentum
515 4741 606 4805 plumas
615 4747 639 4787 et
648 4739 678 4786 ab
690 4753 737 4786 rere
750 4737 852 4787 lebetem

229 4827 290 4875 Cum
303 4833 369 4872 truce
380 4821 402 4870 ri
412 4821 482 4871 cultri
494 4837 595 4885 cumque
604 4820 751 4881 securicula,

196 4912 289 4972 litque
302 4905 331 4955 de
344 4905 446 4954 verubus
457 4905 575 4952 deducunt
589 4903 671 4952 hausta
684 4903 815 4967 liquorem,

229 4992 335 5053 Quasque
342 4988 405 5052 jacet
419 4987 480 5036 duro
493 4987 589 5052 spongia
597 4985 641 5033 sub
651 4985 726 5048 gladio
739 5001 746 5046 ;

196 5072 359 5136 Platillurnqne
371 5071 450 5135 biceps
463 5079 487 5118 et
501 5079 578 5118 tusum
588 5083 692 5116 marmor
707 5067 737 5116 ab
750 5067 805 5130 illo,

229 5153 401 5218 Portaudisque
413 5151 502 5202 bonum
515 5150 625 5200 carnibus
637 5150 771 5212 alreolum;

197 5237 316 5286 Mercurio
325 5233 447 5301 Spinther,
459 5235 555 5306 condire
565 5233 663 5294 obsonia
672 5232 770 5301 doctus,

675 485 680 494 =
755 455 1007 519 ANTHOLOGIAE
1029 457 1228 520 PALATINAE

1284 601 1337 648 ³05.
1354 597 1507 648 LEONIDAE.

1010 736 1205 800 intemperantia
1213 735 1296 788 haecce
1303 737 1366 788 dona
1374 740 1399 788 et
1410 739 1787 790 ommtisuooruentorum-eibo

1040 825 1120 888 posuit
1131 826 1303 876 exsecrandum
1312 829 1341 886 (il
1353 827 1435 877 Doriei
1448 829 1539 891 caput:
1571 827 1643 892 [rum
1653 828 1787 878 voracitati

1009 913 1118 962 Larissae
1128 927 1140 963 s
1149 913 1247 962 immani
1252 917 1347 964 -rentre
1356 915 1470 976 cacabos,

1041 1003 1066 1050 et
1077 1001 1150 1062 ollas,
1165 1003 1189 1051 et
1201 1001 1393 1064 ralrlecapacem
1408 1003 1520 1063 culioem,

1010 1090 1035 1138 et
1048 1089 1381 1153 ceresolidoaptecurratam
1398 1105 1532 1153 creagram,

930 1241 934 1250 Ι
1040 1179 1065 1226 et
1079 1175 1204 1237 radulam,
1219 1179 1244 1226 et
1254 1178 1503 1240 pultemque-versat
1516 1178 1658 1228 tudieulam.

1011 1263 1212 1328 Intemperantia,
1224 1267 1253 1314 tu
1266 1267 1350 1314 autem
1370 1265 1423 1314 hec
1436 1265 1495 1314 mali
1510 1266 1574 1314 mala
1584 1265 1708 1316 donatoris

1041 1351 1176 1415 accipiens,
1190 1365 1222 1402 ne
1234 1351 1277 1402 des
1292 1365 1316 1402 er
1326 1365 1435 1414 unquam
1448 1353 1640 1416 temperantiam.

1276 1514 1331 1560 306.
1347 1511 1516 1560 inlsnonls.

1003 1648 1098 1710 ullam,
1111 1651 1136 1698 et
1148 1647 1211 1698 hauc
1220 1663 1357 1713 crengmm,
1370 1652 1395 1700 et
1408 1649 1615 1700 raldeeurratam

1042 1736 1135 1785 clavero
1143 1737 1172 1800 (l)
1187 1750 1259 1786 suum
1269 1773 1275 1796 ‚
1286 1739 1311 1786 et
1322 1737 1569 1800 quae-pultem-rersat
1577 1737 1723 1797 tudionlam,

1012 1825 1038 1874 et
1052 1824 1174 1874 liabellum
1188 1823 1323 1887 ex-pennis,
1338 1827 1363 1874 et
1376 1825 1654 1875 erere-maneoducto
1667 1826 1790 1886 lebetem,

1042 1925 1098 1960 cum
1110 1911 1202 1972 securi,
1216 1914 1242 1960 et
1252 1911 1487 1974 quae-gulam-secat
1500 1913 1656 1974 secespitam,

1008 1997 1119 2060 jurisque
1129 1999 1228 2048 trullam
1240 2013 1297 2048 curu
1308 1999 1432 2059 rombus,
1443 2001 1468 2048 et
1477 1999 1710 2063 acl-abstergendum

1042 2084 1165 2146 spongiam
1180 2083 1226 2133 sub
1236 2084 1317 2133 valido
1332 2085 1437 2148 positam
1446 2085 1626 2148 coqui-cultro,

1010 2173 1035 2220 et
1044 2170 1090 2220 hoc
1102 2169 1183 2232 biceps
1197 2171 1329 2234 pistillum,
1340 2173 1462 2236 simulque
1472 2175 1615 2224 momerium
1634 2171 1640 2176 '

1041 2257 1228 2321 er-bonolapide
1236 2297 1242 2319 ‚
1250 2262 1275 2308 et
1285 2260 1508 2323 reprieuriae-cami
1517 2263 1613 2312 alveum
1623 2301 1629 2322 ,

1011 2359 1104 2408 coquus
1115 2346 1228 2408 Spinther
1242 2348 1363 2398 Mercurio
1370 2347 1425 2398 haec
1433 2349 1542 2412 symbola
1553 2350 1613 2400 artis

1042 2431 1177 2494 dedicarit,
1189 2431 1282 2484 servitii
1291 2447 1363 2485 onere
1372 2449 1482 2487 excusso.

1293 2583 1347 2630 307.
1365 2583 1501 2632 PHANlAE.

1010 2718 1131 2782 Eugathes
1143 2717 1290 2781 Lapithaona
1299 2703 1425 2784 speculum
1438 2724 1464 2772 et
1477 2723 1712 2785 capillorum-amens

1041 2806 1144 2856 linteum
1158 2809 1184 2856 et
1195 2807 1272 2868 petasi
1285 2807 1391 2892 frustum
1406 2810 1745 2874 novaculissuppouendnnr,

1010 2893 1035 2942 et
1044 2893 1159 2955 strigilem
1173 2893 1359 2944 mundinaceam
1368 2896 1474 2958 respuit,
1484 2899 1509 2946 et
1521 2897 1755 2960 lapideomanubrio

1041 2981 1165 3042 cultellos,
1176 2983 1201 3030 et
1210 2981 1522 3044 unguibusbonasecandis
1537 2987 1664 3050 scalpella3

1012 3069 1105 3132 respuit
1114 3072 1139 3119 et
1151 3069 1257 3132 forfices,
1268 3073 1399 3122 novaculas
1413 3075 1437 3123 et
1446 3075 1543 3135 sellam,
1552 3079 1577 3126 et
1586 3076 1617 3126 ad
1627 3078 1739 3140 Epicuri,

1040 3156 1159 3206 tonstrina
1171 3157 1269 3220 relicta,
1280 3159 1438 3211 saltum-lecit
1448 3161 1614 3226 hortiloquos,

1011 3243 1053 3294 ubi
1063 3243 1140 3306 lyram
1149 3243 1263 3294 audiebat
1271 3247 1388 3308 tauquam
1400 3246 1489 3296 asinus.
1498 3248 1611 3298 periisset
1621 3251 1704 3300 autem
1714 3264 1792 3316 prope

1041 3331 1163 3394 esuriens,
1174 3331 1221 3382 nisi
1233 3334 1366 3382 ususesset
1374 3335 1608 3384 cursu-retroverso.

1255 3477 1310 3524 308.
1327 3475 1534 3524 ASCLEPlADlS.

1012 3621 1095 3671 Victor
1104 3635 1249 3685 puerorum,
1263 3623 1322 3685 quia
1336 3624 1452 3673 venustas
1460 3622 1543 3674 litores
1554 3625 1666 3688 scripsit,

1043 3711 1170 3759 Connarus
1184 3709 1304 3772 octoginta
1316 3709 1408 3772 accepit
1418 3709 1495 3769 talos,

1012 3799 1037 3851 et
1048 3809 1104 3856 me,
1114 3797 1214 3858 gratiam
1226 3797 1315 3858 Musis,
1327 3797 1448 3845 cornicum
1461 3797 1510 3845 buo
1522 3797 1648 3849 Charetem

1043 3894 1125 3931 senem
1135 3895 1195 3932 cnm
1204 3882 1290 3946 plausu
1302 3881 1422 3932 dedicarit
1434 3885 1600 3946 puerulorum.

1286 4044 1340 4090 soa.
1355 4043 1510 4090 asomum.
1621 4069 1663 4111 Ἥ

1012 4179 1143 4228 Honestam
1156 4190 1213 4227 saue
1225 4177 1298 4252 pilam
1308 4179 1425 4228 Philocles
1436 4182 1461 4229 et
1472 4179 1635 4234 bene-sonans

958 4271 961 4278 '
1042 4265 1164 4315 Mercurio
1177 4264 1224 4314 boo
1235 4264 1343 4314 buxeum
1358 4267 1546 4330 crepitaculum‚

1046 4447 1102 4494 llaec
1110 4455 1187 4494 sacrat
1196 4447 1261 4495 eruti
1274 4447 1339 4511 signa
1354 4447 1489 4498 ministerii.

1277 4567 1335 4614 308.
1357 4583 1516 4618 ascaarrauar.

1014 4673 1112 4738 Accepit
1126 4673 1185 4721 talos
1194 4673 1271 4721 decies
1283 4673 1328 4721 sibi
1342 4675 1443 4723 Codalus
1452 4685 1520 4738 octo,

1045 4757 1173 4806 Scribendu
1184 4772 1269 4821 pueros
1282 4773 1335 4804 cum
1349 4773 1407 4822 pner
1418 4758 1511 4808 anteiit.

1015 4841 1103 4886 illunus
1115 4838 1146 4886 ob
1160 4837 1183 4886 id
1197 4837 1280 4897 Musis,
1298 4838 1375 4902 pueris
1383 4839 1555 4903 plaudentibus,
1567 4857 1621 4892 ecce

1046 4919 1090 4968 illo
1102 4919 1172 4968 dante
1182 4934 1253 4968 senex
1263 4919 1366 4968 comicus
1378 4919 1445 4967 adsto
1459 4919 1557 4971 Chares.

1292 5039 1349 5100 3⁰9·
1367 5054 1488 5089 aroaroa.

1014 5153 1068 5198 ilaec
1083 5164 1139 5198 cara
1152 5149 1182 5198 de
1194 5147 1270 5212 fragili
1280 5157 1356 5197 sacrat
1368 5149 1512 5214 crepitacula
1524 5149 1587 5200 buxo

1047 5233 1168 5284 blercrnio
1178 5219 1310 5288 Philocles}
1323 5231 1459 5297 aeriamque
1474 5233 1561 5298 pilam,
