3916 5930
516 492 639 554 CAPUT
659 494 722 554 Vll.
746 495 1021 558 EPIGRAMMATA
1043 499 1312 560 SEPULGRALIA.

150 625 192 702 μὴ
208 622 313 702 σπέρμα
328 626 427 703 πυρῶν,
443 621 509 682 ἀλλά
522 630 584 704 χεῦε
598 625 708 704 δάκρυα.

333 773 400 824 281.
424 767 674 828 ΗΡΑΚΛΕΙΔΟΥ.

152 901 269 983 Ἀπισχ’,
284 905 382 984 ἄπισχε
396 914 497 985 χεῖρας,
507 897 529 966 ὦ
541 907 669 987 γεωπόνε,

152 991 216 1066 μηθ’
229 993 377 1072 άμφίταμνε
388 995 434 1052 τὰν
445 997 471 1052 ἐν
488 996 554 1075 ἠρίῳ
565 995 647 1060 κόνιν.

155 1079 230 1140 Atel
244 1083 386 1140 κέκλασται
399 1084 494 1160 βῶλος·
503 1086 532 1141 ἐκ
544 1085 722 1161 κεκλαυμένας
733 1086 754 1142 θ’

153 1169 224 1228 οὗτοι
238 1170 355 1246 κομάτας
367 1171 558 1242 άναθαλήσετοιι
570 1170 678 1250 στάχυς.

334 1320 401 1370 282.
425 1311 674 1372 ΘΕΟΔΩΡΙΔΟΥ.

116 1455 239 1528 Νουηγοῦ
251 1451 331 1530 τάφος
345 1451 414 1526 sipi·
426 1449 457 1509 ob
470 1450 496 1510 δὲ
509 1452 585 1509 πλέε·
598 1454 642 1510 καὶ
653 1454 703 1532 γάρ
713 1451 750 1511 ὅθ’
760 1453 834 1530 ἡμεῖς

154 1540 294 1616 ὠλλόμεθ,
305 1542 331 1596 αἱ
342 1538 431 1598 λοιπαὶ
447 1544 505 1611 νῆες
519 1541 713 1621 ἐποντοπόρουν.

359 1690 424 1740 283.
446 1682 647 1743 ΛΕΩΝΙΔΟΥ.

117 1823 268 1899 Τετρηχυῖα
279 1821 417 1892 θάλασσα,
429 1821 454 1878 τί
469 1825 497 1896 μ’
511 1826 556 1880 οὐκ
569 1821 657 1901 οἷζυρθι
671 1823 786 1880 παθόντα

153 1910 243 1980 τηλόσ’
256 1909 308 1966 ἀπὸ
320 1911 398 1988 ψιλῆς
411 1907 525 1975 ἔπτυσας
536 1909 633 1982 ἠϊόνος,

116 1998 150 2062 ὡς
161 2001 205 2054 σεῦ
219 1996 280 2069 μηδ’
291 1995 378 2056 Ἀΐδαο
390 1995 473 2065 κακὴν
488 1996 632 2072 ἐπιειμένος
647 1996 728 2074 ἀχλὺν

155 2081 257 2150 Φυλεὺς
268 2081 293 2143 Ἀ
298 2081 439 2164 μφιμένευς
450 2074 529 2142 ἆσσον
544 2087 689 2160 έγειτόνεον.

321 2233 389 2284 284.
412 2226 696 2286 ΑΣΚΛΗΠΙΑΔΟΥ.

118 2365 206 2426 Ὀκτώ
222 2388 271 2442 μευ
284 2365 378 2444 πήχεις
393 2365 474 2444 άπεχε
486 2410 494 2442 ,
507 2368 616 2445 τρηχεῖα
628 2367 763 2444 θάλασσα,

155 2455 200 2514 καὶ
215 2455 337 2531 κόμαινε,
353 2453 401 2532 βόα
413 2453 436 2512 θ’
448 2454 524 2524 ἡλίκα
540 2479 581 2513 σοι
597 2455 721 2532 δύναμις·

117 2543 147 2613 ἢν
161 2543 189 2602 δὲ
203 2543 247 2602 τὸν
263 2542 393 2620 Εὐμάρευν
407 2543 516 2621 καθέλῃς
529 2542 624 2621 τάφον,
641 2543 705 2601 ἄλλο
719 2541 766 2619 μέν
780 2542 850 2601 οὐδὲν

155 2631 280 2710 κρήγυον,
295 2627 412 2711 εὑρήσεις
427 2631 449 2686 δ’
463 2627 541 2688 ὀστέα
554 2629 599 2687 καὶ
614 2631 733 2701 σποδιόν.

228 2781 295 2832 285.
316 2771 497 2830 insitor
517 2772 788 2830 ΝΙΚΟΠΟΛΙΤΟΥ.

119 2913 157 2970 Οὐ
171 2911 242 2977 κόνις
251 2910 303 2970 οὐδ’
314 2911 400 2989 ὀλίγον
415 2909 511 2986 πέτρης
533 2909 625 2989 βάρος,
639 2913 697 2969 ἀλλ’
713 2911 877 2989 Ἐρασέππου

154 2999 188 3068 ἣν
201 3001 292 3078 ἐσορᾷς
306 2999 372 3069 αὕτη
387 3007 461 3056 πᾶσα
475 2999 595 3056 θάλασσα
608 2999 702 3075 τάφος·

118 3086 199 3147 ὤλετο
212 3087 263 3165 γὰρ
278 3085 325 3144 obt
339 3082 396 3158 νηΐ·
409 3087 442 3144 τά
458 3087 479 3144 δ’
492 3086 570 3144 ὀστέα
583 3091 632 3144 ποῦ
647 3088 706 3144 ποτ’
721 3085 818 3146 ἐκείνου

154 3176 284 3251 πύθεται,
300 3175 410 3240 αἰθυίαις
424 3173 527 3252 γνωστὰ
544 3173 633 3249 μόναις
648 3175 755 3235 ἐνέπειν.

226 3331 292 3382 286.
315 3319 566 3393 ΑΙθΤΙΠΑΤΡΟΥἸ
581 3319 794 3379 ΘΕΣΣΑΛΟΝ.

118 3463 240 3542 ,λόσμορε
254 3463 394 3544 Νικάνωρ,
410 3463 493 3542 πολιῷ
508 3461 700 3539 μεμαραμμένε
713 3461 800 3538 πόντῳ
809 3469 827 3534 ,’

155 3559 244 3610 κεῖσαι
259 3550 290 3621 δὴ
306 3551 373 3630 Εεένῃ
387 3549 482 3626 γυμνός
493 3549 535 3606 ἐπ’
549 3550 632 3622 ἠϊόνι,

123 3643 139 3714 ἢ
153 3640 186 3702 ού
200 3663 230 3718 γε
246 3639 310 3722 πρὸς
323 3637 444 3718 πέτρῃσι·
458 3636 492 3696 τά
504 3638 525 3696 δ’
538 3637 616 3696 titia
631 3645 702 3696 κεῖνα
717 3639 835 3719 μέλαθρα

161 3731 265 3813 φροῦδ’,
283 3731 377 3810 α[θτ·ῒις
388 3729 436 3808 τε]
449 3727 550 3808 πάτρης
566 3728 638 3794 ἐλπὶς
651 3727 734 3788 ὄλωλε
745 3728 845 3806 Τύρου.

151 3897 209 3942 liaee
223 3901 287 3942 terre
297 3908 347 3941 non
360 3893 412 3941 rult
424 3895 526 3950 Cerere,
537 3893 576 3940 sed
587 3893 695 3958 lacrymis
706 3893 762 3943 seri.

397 4001 453 4048 nti.
472 4015 622 4060 umectum.

150 4091 190 4140 Ab
202 4089 248 4139 hac
261 4099 341 4140 arator
356 4089 448 4139 abstine
460 4099 525 4139 terre
537 4105 648 4152 manum,

150 4175 217 4233 Nec,
230 4188 289 4236 quos
301 4171 454 4237 sepulchrum
467 4171 550 4221 condit
561 4172 622 4234 hoe,
633 4173 724 4222 eineres
735 4189 795 4222 seen.

151 4259 209 4305 iiaec
222 4265 286 4304 terra
296 4254 355 4305 iletu
370 4255 461 4305 maduit
471 4271 478 4306 τ
489 4264 514 4304 at
523 4271 653 4320 numquam
667 4270 729 4318 seges

149 4343 188 4387 De
197 4339 327 4403 lacrymatu
339 4339 433 4389 emtulit
449 4347 513 4388 terre
529 4353 631 4388 comem.

385 4453 441 4501 sss.
464 4465 633 4498 rnrononrnsr.

118 4545 194 4594 Mersi
206 4559 259 4592 sum
268 4544 374 4594 tumulus
385 4560 392 4594 ε
406 4559 476 4610 perge
486 4543 511 4592 in
524 4557 605 4590 mare:
619 4550 676 4590 tuno
685 4556 780 4606 qnoque
791 4555 845 4590 oum
855 4555 897 4590 rios

149 4627 305 4689 Occidimus,
317 4627 383 4677 neris
398 4628 473 4677 multe
486 4625 584 4676 tenebat
595 4625 649 4674 iter.

412 4739 469 4786 283.
484 4752 603 4784 neournae.

118 4831 185 4894 Quin
197 4845 235 4879 me
250 4840 274 4880 te
286 4847 378 4896 passum
391 4838 439 4878 tem
449 4845 509 4878 seem
521 4827 629 4888 lurente,
643 4825 750 4873 romelius

151 4913 256 4979 Longius
269 4929 283 4963 u
301 4914 365 4962 nudo
380 4913 471 4971 littore,
487 4909 554 4959 triste
570 4909 669 4966 fretum,

120 4999 152 5046 Ut
165 4997 210 5046 tibi
224 5013 288 5047 nunc
300 5013 374 5048 essem
392 4995 481 5061 Stygias
494 4995 576 5043 induis
591 4992 700 5042 tenebras

151 5078 319 5145 Amphimenis
331 5079 436 5130 Plrilleus
453 5067 536 5126 umbre
548 5075 682 5142 propinque
693 5075 785 5122 miuus?

395 5189 451 5243 284.
470 5199 629 5232 iscurrsnfl.

120 5285 184 5330 Octo
196 5280 255 5330 mihi
266 5281 325 5330 diste
338 5295 424 5329 serum
436 5295 517 5340 more,
533 5285 555 5326 te
568 5291 661 5342 precor,
675 5275 756 5336 ulnas,

941 649 971 685 ne
984 649 1066 686 semen
1079 637 1176 702 frugum
1185 680 1191 700 ,
1201 638 1245 712 sed
1255 652 1341 703 sparge
1352 639 1432 690 fletus.

1195 783 1247 829 281.
1266 781 1460 830 HERACLIDAE.

940 917 1053 975 Abstine,
1067 918 1160 968 ehstme
1174 931 1275 978 manus,
1290 923 1403 982 oarator,

940 1017 988 1053 neu
997 1003 1174 1053 circumscinde
1187 1004 1252 1054 hunc
1264 1005 1289 1055 in
1298 1008 1394 1056 tumulo
1404 995 1537 1070 pulverem.

942 1097 998 1158 ipse
1007 1095 1108 1158 periletn
1116 1098 1154 1146 est
1162 1095 1245 1159 glehe3
1256 1097 1379 1159 eperiiets
1388 1111 1446 1147 roro

941 1195 1058 1232 nonsnue
1069 1187 1165 1233 mmsis
1173 1183 1291 1233 eviresoet
1303 1183 1376 1247 spica.

1183 1312 1473 1376 rsnjrneononrnh.
1514 1341 1519 1354 ι

940 1463 1052 1527 Neuiregi
1063 1465 1174 1514 tumulus
1183 1477 1250 1522 sum;
1261 1466 1288 1513 tn
1302 1476 1359 1512 vero
1372 1464 1472 1526 nsrigs;
1489 1465 1577 1514 etenim
1586 1477 1663 1528 quum
1672 1479 1718 1518 nos

971 1551 1122 1614 peribuntne,
1138 1553 1226 1600 cetere
1239 1563 1314 1600 ireres
1325 1550 1522 1600 mure-secubant.

1219 1697 1271 1743 283.
1286 1695 1440 1742 LEONIDAE.

939 1835 1130 1884 Tumultuosum
1145 1847 1226 1894 more,
1237 1799 1281 1882 our
1291 1847 1330 1882 me
1339 1847 1386 1882 nou
1395 1846 1533 1882 aerumnoss
1542 1846 1642 1896 quassum

969 1919 1122 1982 longinquius
1133 1933 1148 1969 a
1160 1920 1227 1969 nudo
1240 1920 1355 1982 exspuIsti
1368 1920 1465 1969 littore?

940 2011 968 2058 ut
979 2009 1025 2058 tihi
1036 2021 1067 2060 ne
1082 2009 1137 2057 Orci
1150 2007 1248 2070 quidem
1263 2009 1338 2057 melas
1352 2007 1454 2057 indutus
1468 2007 1579 2058 tenebras

866 2149 869 2156 ,
972 2095 1075 2159 Phyleus
1086 2097 1252 2159 Amphimenis
1260 2095 1359 2158 propius
1372 2093 1562 2144 essem-ricinus.

1187 2242 1240 2288 284.
1263 2239 1469 2287 sscLEPIsnAE.

943 2379 1006 2426 Octo
1015 2391 1078 2427 nme
1089 2377 1187 2427 ouhitus
1196 2377 1294 2438 recede,
1305 2390 1418 2440 asperum
1432 2391 1511 2438 mere,

973 2466 999 2514 et
1013 2464 1104 2514 iiuutue
1117 2463 1220 2527 eemugi
1229 2463 1504 2526 quantotihipotestns:

944 2551 966 2602 si
975 2553 1057 2602 nutem
1066 2555 1177 2601 Eumerae
1188 2551 1267 2614 reples
1275 2552 1412 2612 tumulum,
1423 2551 1489 2600 aliud
1502 2551 1601 2614 quislem
1613 2551 1671 2601 nihil

973 2638 1098 2700 utilis-rei,
1111 2638 1217 2688 invenies
1230 2651 1289 2688 vero
1303 2651 1358 2689 osse
1370 2641 1394 2689 et
1405 2639 1518 2690 cinerem.

1128 2787 1180 2832 285.
1196 2782 1310 2832 thllcl
1328 2782 1531 2830 NICOPOLITAE.

940 2924 1024 2984 Neque
1033 2922 1114 2984 pulvis
1123 2935 1202 2985 neque
1210 2921 1323 2984 exiguum
1330 2921 1416 2987 lapidis
1424 2921 1535 2984 pondus,
1545 2920 1588 2970 sed
1596 2921 1703 2984 Eresippi

970 3009 1036 3071 quod
1045 3010 1124 3058 cernis
1133 3009 1180 3058 hoc
1188 3012 1268 3058 totum
1281 3022 1348 3058 mure
1362 3012 1399 3058 est
1411 3009 1559 3082 sepulcrum.

941 3097 1014 3146 Periit
1023 3097 1087 3146 enim
1096 3110 1154 3146 cnm
1163 3111 1237 3156 nere;
1247 3099 1393 3146 osseantem
1402 3096 1502 3145 ubinam
1516 3096 1614 3146 tandem
1629 3095 1693 3145 iilius

971 3186 1084 3247 puteant,
1095 3185 1183 3247 mergis
1195 3187 1280 3234 notum
1290 3185 1348 3234 solis
1361 3184 1524 3235 ut-tctuieant.

1048 3335 1101 3380 nun.
1118 3330 1282 3379 sNTlPsTni
1298 3328 1606 3378 THESSALONICENSlS.

943 3471 1026 3521 inieiir
1036 3471 1146 3531 Nicanor,
1156 3484 1217 3520 enno
1229 3471 1345 3520 exstincte
1357 3470 1430 3530 meri,

969 3559 1034 3622 isoes
1045 3572 1103 3608 sane
1111 3559 1236 3622 peregrino
1249 3557 1332 3606 nudus
1346 3557 1371 3605 in
1384 3556 1479 3616 littore,

942 3650 985 3698 eut
996 3651 1024 3698 tu
1035 3647 1107 3708 juxte
1121 3634 1248 3711 scopulum
1260 3647 1382 3710 opulente
1395 3649 1477 3698 autem
1491 3643 1618 3694 iliae‘edos

973 3735 1082 3798 perdite,
1095 3738 1169 3798 etque
1177 3734 1254 3798 ipsius
1265 3735 1350 3798 patrie
1358 3732 1500 3784 renones
1510 3746 1566 3796 spes
1574 3731 1645 3795 periit
1653 3731 1717 3794 unt.

973 3899 1098 3959 Quemque
1110 3903 1176 3960 potes
1187 3893 1272 3943 linctus
1286 3895 1359 3954 tolle,
1373 3909 1488 3957 sonosque
1498 3893 1544 3942 eie.

940 3978 964 4028 Si
979 3987 1058 4027 tamen
1071 3976 1180 4026 Eumarei
1194 3986 1375 4025 monumentum
1386 3975 1505 4034 (lestinis,
1519 3973 1560 4023 hie
1572 3974 1606 4023 nil

973 4060 1043 4124 Quod
1054 4059 1123 4124 juret
1136 4057 1257 4119 inuenies,
1272 4073 1324 4106 osse
1334 4058 1374 4106 sed
1387 4065 1411 4105 et
1420 4057 1520 4105 eineres.

1153 4237 1210 4285 285.
1229 4252 1316 4284 ensuer
1340 4249 1499 4284 nicoenum.

941 4417 996 4464 Non
1009 4415 1067 4480 lepis
1079 4424 1128 4473 est,
1144 4431 1192 4462 non
1209 4422 1244 4462 est
1258 4414 1365 4478 Eresippi
1378 4423 1441 4463 terro
1455 4409 1624 4478 sepulchrum,

973 4497 1018 4544 Sed
1029 4497 1073 4544 sub
1082 4506 1234 4562 conspectum
1249 4495 1311 4560 quod
1318 4496 1395 4559 jaret,
1411 4509 1482 4544 omne
1494 4509 1568 4542 mare.

941 4581 1001 4628 Cum
1013 4587 1064 4626 rete
1079 4593 1133 4626 nem
1145 4577 1232 4644 periit,
1246 4577 1287 4626 sed
1305 4576 1346 4625 ubi
1359 4592 1422 4624 nune
1438 4591 1489 4624 ossa
1503 4583 1651 4640 putrescent,

974 4666 1026 4710 Hoc
1043 4662 1121 4710 dicent
1132 4662 1218 4726 mergi,
1230 4661 1296 4726 queis
1306 4669 1364 4726 puio
1378 4675 1445 4709 nosse
1454 4660 1534 4708 dutum
1543 4667 1585 4708 est.

1096 4842 1152 4889 286.
1170 4855 1302 4888 surrnsrnr
1320 4853 1555 4886 rurssnourcsusrs.

943 5021 980 5071 eh
996 5021 1066 5069 miser
1076 5021 1190 5085 aequoreis
1200 5021 1304 5070 Nicanor
1315 5034 1390 5066 merse
1400 5017 1444 5065 sub
1454 5015 1535 5073 undis,

976 5104 1059 5154 Nudus
1071 5103 1095 5150 in
1104 5113 1202 5152 externo
1215 5103 1296 5150 littore
1309 5116 1393 5165 nempe
1406 5101 1485 5162 jeces;

944 5191 992 5235 Aut
1004 5185 1133 5249 eliqunsub
1146 5201 1205 5248 rupe
1222 5200 1227 5232 :
1242 5191 1325 5231 ruenni
1338 5183 1377 5229 illa
1391 5179 1479 5242 inclyta
1488 5187 1566 5237 tecta,

978 5272 1007 5316 Iit
1021 5277 1096 5316 tecum
1112 5265 1181 5330 periit
1192 5281 1244 5329 spes
1253 5279 1347 5327 quoque
1358 5271 1406 5309 totu
1418 5258 1484 5325 'l'yri
