3960 5936
265 458 323 514 tua
818 457 1070 520 ANTHOLOGIAE
1092 459 1291 520 PALATINAE
1388 407 1392 416 ⁴

300 599 405 674 χρυσῷ,
418 593 445 652 δν
459 597 487 652 ἐκ
500 596 589 653 Λυδῶν
604 598 714 671 Κροῖσος
726 593 826 676 έπεμψε
841 601 901 676 θεῷ.

521 738 565 787 61.
584 739 642 782 ΤΟΥ
659 741 764 786 ΑΠῸΥ.

258 857 297 926 Ὦ
311 867 382 944 ξυρὸν
395 867 521 944 οὐράνιον,
533 864 605 942 ξυρὸν
617 863 714 936 δλόιον,
727 857 749 945 ᾧ
762 869 924 944 πλοκαμῖδας

297 954 434 1031 κειραμένη
449 947 561 1018 πλεκτὰς
574 953 663 1011 ἄνθετο
677 954 838 1033 Παμρίλιον,

258 1041 286 1099 οὗ
300 1041 328 1098 σέ
341 1065 379 1107 τις
394 1039 534 1118 ἀνθρώπων
548 1039 712 1117 Ιγάλκειίσατο
722 1065 728 1078 ·
740 1042 793 1120 πδιρ
808 1041 834 1100 δέ
849 1042 951 1123 καμίνῳ

296 1127 455 1206 Ἡφαίστου,
470 1129 583 1206 χρυσέην
598 1133 696 1207 σφῦραν
711 1130 852 1210 ἀειραμένη

256 1225 273 1289 ἠ
288 1217 541 1295 λιπαροκρήδεμνος,
552 1217 585 1275 ἵν’
598 1218 713 1293 εἴποιμεν
726 1222 783 1277 καθ’
794 1215 914 1300 Ὅμηρον
924 1257 932 1285 ,

294 1307 369 1384 χερσί
384 1327 411 1361 σε
425 1309 481 1370 ταῖς
496 1305 573 1370 ἰδίαις
587 1305 725 1376 ἐξεπόνησε
740 1307 832 1385 Χάρις.

336 1473 384 1528 62.
406 1464 597 1523 ΦΙΛΙΠΠΟΥ
617 1464 950 1524 ΘΕΣΣΑΛΟΝΙΚΕΩΣ.

258 1609 407 1682 ΙίυνιλοτερέίΙ
424 1605 544 1682 μολιὸον,
559 1605 667 1664 σελίδων
682 1607 835 1680 σημάντορα
849 1609 975 1685 πλεορῆς,

295 1693 338 1750 καὶ
353 1692 576 1769 σμίλαν,δονάκων
589 1693 737 1770 ἀκροὸελῶν
751 1694 874 1772 γλυρίδα,

256 1781 299 1837 καὶ
313 1781 425 1838 κανονῖδ’
436 1780 548 1852 ὑπάτην,
560 1781 603 1838 καί
618 1781 665 1852 τὴν
679 1781 751 1860 παρά
766 1786 822 1841 θῖνα
837 1781 948 1862 κίσηριν,

290 1866 423 1946 αὐχμηρὸν
437 1867 530 1929 πόντου
544 1868 723 1944 τρηματόεντα
740 1868 821 1946 λίθον,

257 1954 421 2029 Καλλιμένης
437 1955 572 2026 Μούσαις,
589 1955 807 2034 ἀποπαυσάμενος
822 1957 966 2033 καμάτοιο,

293 2045 382 2118 θῆκεν,
396 2043 452 2101 lael
466 2042 534 2122 γήρα
548 2043 639 2110 κανθδς
654 2043 822 2103 ἕπεσκέπετο.

465 2207 512 2258 63.
536 2199 813 2257 ΔΑΜΟΧΛΡΙΔΟΣ.

253 2339 275 2397 Γ
277 2339 433 2418 ραμμοτόκῳ
445 2341 576 2410 πλήθοντα
592 2339 743 2415 μιλάσματι
760 2338 963 2415 κυκλομόλιθδον

291 2425 335 2483 καί
349 2427 444 2486 κανόνα
459 2428 589 2506 γραρίδων
604 2429 727 2486 ἰθυτάτων
742 2427 860 2505 ρόλακα,

252 2513 296 2571 καί
308 2522 444 2594 γραρικοὶο
455 2517 545 2592 δοχεῑα
560 2513 751 2571 κελαινοτάτσιο
766 2513 881 2592 ῥεέθρου,

292 2601 359 2679 ἄκρα
373 2624 400 2658 τε
416 2601 591 2676 μεσσοτόμους
605 2602 746 2680 εὖγλυρέας
762 2599 907 2676 καλάμους,

214 2709 226 2744 ε
253 2689 401 2765 τρηχαλέην
412 2711 439 2746 τε
451 2689 533 2760 λίθον,
548 2690 663 2746 δονάκων
680 2687 788 2764 εὐθηγέα
801 2689 908 2764 κόσμον,

292 2775 351 2832 ἔνθα
367 2775 533 2854 περιτριὸέων
548 2774 590 2843 ὀξὺ
603 2776 728 2854 χάραγμα
743 2775 828 2847 πέλει,

252 2861 297 2919 καί
311 2862 438 2943 γλύρανον
453 2863 585 2936 καλάμου,
600 2863 711 2928 πλατέος
725 2864 840 2940 γλωχῖνα
853 2861 976 2941 σιδήρου,

292 2947 361 3006 ὅπλα
376 2950 415 3007 col
429 2951 554 3028 ἐμπορίης
570 2950 659 3010 άνθετο
674 2955 718 3020 τῆς
735 2951 801 3020 ἰδίης

253 3037 373 3112 κεκμηδνς
386 3038 537 3113 Μενέδημος
549 3039 592 3097 ὑπ’
607 3039 701 3117 ἀχλύος
713 3039 787 3116 όμμα
802 3036 925 3110 παλαιόν,

200 3142 225 3182 ιο
292 3125 414 3204 Ἑρμεία·
429 3126 461 3184 σὺ
475 3125 496 3184 δ’
511 3126 551 3184 ἀεὶ
566 3126 643 3205 ρέρὸε
660 3125 703 3184 σὸν
720 3126 866 3205 έργατίνην.

370 3283 418 3335 64.
444 3275 599 3334 [latior
621 3273 900 3332 ΣΙΛΕΝΤΙΑΡΙΟΥ,

251 3422 332 3502 Γυρδν
346 3421 456 3492 κυανέης
471 3421 578 3497 potitos
594 3421 746 3498 σημάντορα
763 3423 901 3497 γραμμῆς,

289 3509 332 3566 καὶ
347 3510 467 3588 σκληρῶν
479 3509 574 3580 ἀκόνην
586 3507 733 3586 τρηχαλίην
749 3507 885 3580 καλάμων,

250 3597 294 3652 καὶ
307 3597 407 3654 πλατὺν
419 3595 545 3674 ὀξυντῆρα
559 3595 734 3675 μεσοοχιδέων
747 3595 888 3664 δονακήων,

281 3817 345 3876 Quas
354 3813 418 3862 dites
427 3814 500 3864 Crresi
512 3797 574 3878 regia
586 3813 649 3862 misit
661 3827 725 3877 opes.

542 3960 583 4006 61.
603 3973 725 4012 uuonan,

542 4089 571 4138 de
585 4107 610 4137 re
625 4089 715 4138 eadem.

247 4223 337 4274 Ocoelo
348 4224 441 4289 delapsa
454 4225 577 4284 nouacula,
588 4239 634 4288 qua
643 4223 688 4271 sibi
703 4221 805 4286 dempsit
828 4195 834 4202 .

280 4303 437 4370 Pamphilium
450 4305 560 4370 pulchras
569 4303 609 4352 hic
622 4305 726 4369 positura
739 4319 826 4353 comas.

247 4389 356 4440 Mortalia
370 4399 393 4438 te
404 4405 474 4438 nemo
489 4389 564 4448 labet,
578 4388 618 4436 sed
631 4387 702 4436 linxit
711 4387 742 4435 ab
752 4403 810 4434 auro

277 4473 378 4521 Malleus
391 4471 421 4522 ad
433 4471 539 4521 llammas
552 4481 666 4535 antraque
680 4469 817 4528 Mulciberi,

245 4559 323 4619 Quem
335 4555 443 4604 redimita
453 4571 541 4618 comas,
553 4553 646 4618 qualem
660 4551 784 4616 descripsit
799 4555 924 4609 Homerus,

195 4699 200 4710 Ι
278 4637 377 4688 Sustulit
389 4636 438 4710 ipsa
449 4653 490 4686 sua
499 4635 582 4685 Gratia
595 4633 695 4699 pulchra
706 4649 788 4682 manu.

541 4775 582 4820 62.
596 4787 714 4819 reintrat.

243 4910 385 4960 particulam
398 4907 488 4975 plumbi
499 4916 608 4966 teretem,
623 4923 670 4970 qua
681 4905 763 4954 charta
778 4912 883 4964 notatur,

275 4993 460 5057 Cultellumque,
472 4993 546 5040 aciem
558 4991 598 5056 qni
611 4991 651 5039 dat
666 4989 828 5046 arundinibus,

242 5076 331 5138 lleprla
339 5075 406 5140 queis
414 5091 439 5123 se
450 5075 492 5123 dat
502 5073 613 5122 comitem
622 5087 676 5120 cum
688 5072 781 5136 pumice
793 5071 855 5129 laeui,

274 5157 421 5207 Multilorem
430 5156 484 5206 sasai
493 5172 564 5221 quem
583 5155 654 5203 maris
664 5163 716 5202 acta
730 5151 804 5212 dedit,

241 5239 380 5290 Callimenes
393 5241 550 5292 Musissacrat
561 5238 621 5300 hee,
632 5247 657 5286 ut
671 5237 739 5286 desiit
748 5245 823 5284 artem

1106 615 1167 651 auro
1179 602 1224 652 illo
1236 599 1303 664 quod
1316 615 1329 650 a
1344 601 1417 664 Lydis
1429 605 1528 652 Croesus
1542 603 1608 654 misit
1616 605 1670 655 deo.

1357 749 1395 794 bi.
1418 754 1569 795 EJUSDEM.

1075 884 1221 934 Orrovacula
1234 885 1351 946 caleatis,
1365 886 1483 934 novacula
1496 885 1580 944 beata,
1594 897 1643 946 qua
1655 885 1771 938 detonsos

1105 973 1203 1035 capillos
1216 973 1297 1035 plexas
1309 972 1400 1022 dicavit
1412 970 1576 1034 Pamphilida,

1074 1075 1121 1110 non
1132 1064 1156 1110 te
1168 1061 1255 1123 aliquis
1264 1060 1402 1110 mortalium
1414 1058 1539 1123 procudit,
1550 1059 1593 1109 sed
1602 1059 1667 1122 apud
1678 1059 1759 1110 locum

1103 1147 1217 1208 Vulcani,
1228 1161 1330 1198 aureum
1338 1148 1453 1197 malleum
1463 1147 1561 1208 tollens,

1073 1237 1421 1300 splendenti-mlullomataut
1427 1235 1562 1286 secuudum
1569 1238 1701 1286 Homerum
1708 1237 1844 1300 loquamur,

1104 1325 1240 1390 propriiste
1255 1324 1367 1374 manibus
1378 1323 1510 1373 elaborarit
1524 1325 1615 1373 Gratia.
1648 1365 1649 1374 ,

1204 1487 1242 1531 62.
1260 1481 1394 1530 PHILIPPI
1409 1479 1710 1526 THESSALONICENSIS.

1074 1619 1203 1670 Plumbum
1216 1617 1361 1676 rotundum,
1373 1617 1439 1679 quod
1450 1617 1561 1666 loliorum
1570 1617 1649 1680 signat
1659 1617 1736 1674 latus,

1103 1711 1128 1757 et
1137 1706 1261 1756 cultellum
1273 1705 1316 1767 qut
1327 1705 1475 1754 calamorum
1487 1703 1720 1766 acutamenspidem
1729 1703 1811 1767 lingit,

1072 1797 1097 1844 et
1109 1794 1218 1856 regulam
1229 1805 1362 1852 summam,
1376 1795 1401 1841 et
1414 1792 1483 1841 illum
1494 1790 1525 1840 ad
1537 1791 1608 1840 litora
1619 1791 1756 1854 pumicem,

1102 1881 1197 1931 aridum
1209 1879 1275 1943 ponti
1287 1879 1446 1929 multicavum
1459 1879 1576 1942 lapidem,

1072 1971 1214 2020 Callimenes
1229 1969 1319 2028 Musis,
1332 1967 1574 2028 desinensalabore,

1101 2059 1197 2122 posuit,
1209 2058 1266 2119 quia
1280 2058 1404 2106 senectute
1415 2056 1502 2104 oculus
1514 2054 1678 2104 obvelabatur.

1306 2217 1344 2286 ωἶ
1362 2213 1602 2260 osuocuaarnrs.

1070 2349 1290 2412 Hieras-parientis
1301 2346 1402 2410 nigroris
1412 2345 1511 2409 plenum
1524 2344 1805 2408 plumbum-rotundum,
1892 2377 1894 2380 -

1101 2441 1125 2486 rt
1138 2437 1258 2500 ινςιιΙιιιιι,
1273 2435 1383 2484 stilorum
1392 2433 1616 2486 alaim-,rectissimi
1626 2431 1766 2492 custodem,

1069 2529 1094 2574 et
1107 2525 1226 2587 scriptorii
1239 2523 1391 2586 receptacula
1401 2521 1521 2584 nigerrimi
1531 2521 1628 2581 fluenti,

1100 2619 1125 2664 et
1138 2615 1268 2663 iri-summo
1278 2609 1465 2669 medosnssos,
1480 2609 1667 2678 allabressectos
1676 2607 1795 2665 calamos,

1069 2696 1486 2763 etasperumlapidem,arundinum
1493 2697 1837 2750 bene-acuensornameutum,

1100 2789 1141 2838 ubi
1150 2789 1292 2838 obtusarum
1302 2786 1364 2835 acris
1375 2782 1619 2834 allrixuacuminatio
1631 2783 1671 2842 sit,

1069 2880 1093 2926 et
1105 2877 1225 2937 scalprum
1238 2873 1338 2932 calami,
1350 2872 1392 2921 lati
1402 2871 1478 2920 aciem
1488 2870 1558 2930 ferri,

1100 2965 1154 3014 λινε
1166 2965 1325 3014 instrumenta
1338 2963 1381 3012 tibi
1394 2960 1531 3011 commercii
1541 2960 1579 3009 sui
1592 2959 1714 3009 dedicavit
1764 2979 1767 2986 ¹

1069 3054 1237 3112 Menedemus,
1251 3053 1316 3100 tesso
1327 3051 1373 3100 sub
1386 3050 1475 3099 nebula
1486 3049 1557 3098 oculo
1568 3049 1667 3108 vetulo,

1090 3128 1202 3190 'Mercuri
1214 3161 1220 3188 ι
1231 3142 1258 3190 tu
1268 3142 1349 3188 autem
1361 3151 1456 3200 semper
1465 3141 1535 3198 pasce
1544 3137 1614 3184 tunm
1627 3134 1771 3197 operarium.

1276 3284 1314 3330 ol.
1333 3279 1425 3326 PAULI
1438 3276 1633 3324 SILEN'llAllll.

1067 3415 1207 3466 Rotundum
1220 3427 1316 3476 cyanem
1328 3410 1454 3474 plumbum
1466 3410 1569 3459 iudicem
1578 3410 1664 3469 linem,

1099 3505 1123 3550 ct
1135 3501 1252 3550 durorum
1265 3503 1343 3548 cotem
1356 3510 1466 3560 asperam
1477 3497 1625 3546 calamorum
1638 3495 1799 3560 (μανιάσιν),

1069 3594 1093 3639 et
1105 3591 1180 3639 latum
1193 3587 1484 3650 instrumentum-acuens
1496 3582 1688 3633 fissas-iu-medio
1697 3581 1836 3642 arundines,

1052 3719 1105 3728 ...—

1099 3805 1166 3849 Fessa
1176 3797 1312 3847 tenebrosus
1326 3795 1414 3843 lumina
1426 3809 1473 3858 prae
1486 3794 1561 3842 senio.

1328 3971 1369 4019 63.
1385 3983 1573 4016 οιιιοσιιιιιιιιε.

1065 4121 1128 4166 Foeta
1141 4117 1266 4181 figurarum
1281 4115 1343 4180 quod
1354 4115 1428 4180 pingit
1437 4115 1506 4180 saepia
1517 4113 1655 4179 plumbum,

1097 4199 1141 4248 Cui
1150 4206 1267 4246 monstrat
1280 4205 1369 4245 certam
1381 4197 1462 4260 regula
1471 4197 1554 4260 juncta
1571 4196 1648 4256 siant,

1063 4284 1093 4329 Et
1103 4279 1303 4344 nigrum-capiunt
1316 4294 1367 4343 quae
1381 4277 1444 4326 dolia
1457 4293 1529 4342 parva
1539 4277 1667 4341 liquorem,

1096 4366 1125 4410 Et
1142 4361 1242 4410 calamos
1255 4359 1320 4408 bifidi
1335 4360 1376 4424 qui
1389 4359 1459 4430 declus
1473 4360 1520 4408 oris
1531 4358 1633 4420 habent,

1063 4451 1091 4496 Et
1104 4447 1186 4494 duram
1196 4445 1285 4492 silicem
1300 4443 1395 4491 calamis
1405 4460 1456 4508 quae
1465 4444 1536 4491 donat
1548 4459 1654 4498 acumen,

1094 4534 1153 4580 Cum
1164 4529 1225 4578 male
1237 4528 1323 4576 detrita
1339 4526 1407 4574 litera
1419 4537 1487 4591 parte
1501 4525 1567 4584 fluit.

1061 4617 1090 4661 Et
1102 4613 1176 4660 latum
1190 4611 1291 4660 calamos
1302 4617 1367 4673 aptat
1377 4608 1440 4672 quod
1454 4607 1549 4673 cuspide
1561 4605 1649 4656 lerrum
1663 4621 1669 4653 :

1093 4697 1149 4742 llaec
1157 4692 1235 4758 operis
1247 4691 1310 4755 longi
1321 4690 1412 4738 dedicat
1424 4705 1490 4738 arma
1504 4689 1558 4749 tibi,

1060 4777 1159 4825 Lumina
1166 4778 1215 4840 jam
1226 4783 1301 4824 tectus
1309 4775 1462 4823 Menedemus
1471 4782 1541 4822 noete
1549 4772 1617 4822 senili
1633 4786 1639 4819 :

1094 4857 1228 4918 Artificem,
1238 4857 1301 4921 Maja
1310 4864 1336 4905 tu
1350 4863 1410 4918 sate,
1419 4871 1488 4920 pasce
1502 4864 1579 4904 tuum.

1287 5003 1328 5057 64.
1345 5017 1419 5048 ranst
1432 5015 1592 5048 ειιιιιτιιιιιι.

1056 5146 1173 5197 catuleas
1184 5144 1306 5210 plumbum
1322 5144 1417 5193 solitum
1429 5142 1521 5206 signare
1534 5140 1633 5204 ligur-as,

1091 5235 1120 5280 Et
1132 5230 1221 5280 silicem
1235 5230 1336 5279 calamus
1349 5243 1420 5292 quem
1433 5226 1483 5274 viee
1495 5225 1554 5274 oot'u
1567 5223 1652 5282 lrabet,
