3962 5936
270 417 309 475 '18
826 415 1079 476 ANTHOLOGIAE
1096 413 1300 486 Petilium

310 547 355 605 καί
369 546 486 626 χαλεπὰς
502 547 605 626 βάλλεις
616 547 653 612 δίς
665 547 738 604 τόσον
753 550 787 612 εἷς
801 547 905 622 ὀδόνας;

271 635 434 712 Παρθενικίγν
448 636 498 711 γὰρ
510 635 580 709 ἄγεις
593 633 763 712 περικαλλέα,
779 641 823 706 τῆς
838 633 977 692 έπιόαίνων

283 757 287 767 -
310 720 394 798 ἴχνεσι
408 719 454 789 τίν
470 721 552 792 ίδικίμ
565 711 638 799 οἶμον
649 719 682 777 ἴδ’
695 723 729 784 ὡς
742 721 867 800 φέρομαι,

270 797 335 872 είδος
348 808 495 885 ε’σαυγοίζων
511 812 602 883 μοῦνον
617 807 708 883 γλυκύ.
725 807 775 874 Τίς
789 808 879 887 φθόνος
890 807 984 882 ὄσσων,

309 893 435 971 δύσμορε,
447 893 491 951 καί
506 893 605 974 μορφάς
618 894 752 953 ἀθανάτων
766 895 904 970 βλέπομεν.

489 1071 555 1121 107.
579 1063 819 1122 ΦΙΛΟΔΗΜΟΥ.

269 1256 280 1281 τ
298 1229 433 1302 Γινώσκω,
444 1219 589 1309 χαρίεσσα,
603 1231 685 1308 φιλεῖν
697 1227 766 1286 πάνυ
777 1230 819 1287 τὸν
831 1230 963 1308 φιλέοντα,

308 1343 320 1367 ι
334 1317 379 1374 καί
392 1317 457 1375 πόλι
468 1317 588 1394 γινώσκω
597 1317 641 1374 τόν
654 1340 685 1394 με
698 1317 810 1376 δακόντα
822 1319 917 1376 δακεῖν·

268 1432 280 1457 «
295 1405 332 1483 μὴ
344 1404 420 1463 tinet
434 1427 465 1480 με
478 1403 537 1474 λίην
550 1403 689 1484 στέργοντοί
703 1428 745 1474 σε,
763 1405 823 1479 μηδ’
835 1404 953 1483 ἐρεθίζειν

308 1519 321 1542 ν
334 1491 380 1558 τάς
396 1491 585 1569 βαρυοργήτους
602 1513 643 1548 σοι
657 1489 713 1548 θίλε
726 1491 861 1567 Πιερίδος.
875 1519 887 1542 ι

267 1581 345 1638 Τοῦτ’
358 1577 439 1638 sedus
450 1579 499 1636 αἰεί
514 1576 559 1635 καί
570 1577 721 1656 προῦλεγον·
734 1578 791 1634 ἀλλ’
804 1576 849 1636 ἴσα
861 1577 948 1658 πόντῳ

307 1664 391 1744 Ἰονίῳ
405 1665 492 1738 μόθων
508 1663 595 1730 ἔκλυες
609 1663 753 1744 ἡμετέρων.

268 1753 369 1831 Τοιγάρ
384 1758 428 1810 νῦν
443 1754 475 1811 cit
491 1752 538 1828 μὲν
553 1745 602 1810 dte
617 1753 684 1830 μέγα
700 1753 827 1811 κλαίουσα
844 1745 961 1830 βαίνζοις·

307 1843 382 1912 ἡμεῖς
393 1841 415 1897 δ’
426 1841 452 1896 ἐν
465 1838 570 1905 κόλποις
580 1838 665 1915 ἥμεθα
678 1840 802 1906 Ναῖάδος.

409 2083 414 2092 „
487 2019 552 2068 me.
574 2009 823 2070 nrrnlroeor.

266 2178 392 2252 Δειλαίη,
408 2177 433 2236 τί
448 2201 482 2236 σε.
493 2181 593 2256 πρῶτον
609 2178 686 2255 ἔπος,
698 2178 723 2237 τί
735 2178 761 2238 δὲ
777 2178 897 2240 δεύτατον
913 2177 992 2251 είπως

305 2266 430 2335 Δειλαίηί
446 2265 518 2332 τοῦτ’
531 2268 557 2324 έν
572 2267 652 2324 παντί
666 2271 739 2344 κακῷ
753 2267 860 2343 ἔτυμον.

266 2351 375 2429 Οίχεαι,
388 2341 547 2431 ώχαρίτσσα
559 2350 634 2427 γύναι
645 2399 653 2429 ,
667 2351 711 2410 καί
726 2355 750 2418 ἐς
762 2353 840 2420 εἴδεος
851 2353 921 2431 ώρην

306 2442 390 2519 τάκρα
404 2442 448 2499 καὶ
464 2445 498 2506 εἰς
511 2445 596 2522 ψυχῆς
612 2436 670 2512 ἦθος
685 2444 854 2518 ε’νεγκαμένη.

268 2529 365 2609 Πρώτη
380 2531 420 2588 σοί
433 2529 505 2606 ὄνομ’
521 2530 594 2588 ἔσκον
610 2531 747 2607 ἐτήτυμον·
760 2523 791 2600 ἦν
806 2531 857 2609 γὰρ
871 2530 973 2591 ἅπαντα

306 2616 405 2695 δεύτερ’
419 2616 558 2694 ἀμιμήτων
571 2621 621 2676 τῶν
633 2617 676 2675 ἐπί
688 2618 727 2676 σοί
739 2617 863 2696 χαρίτων.

488 2791 553 2841 ίοθ.
577 2784 832 2845 ΑΝΤΙΠΑΤΡΟΥ.

266 2952 394 3025 Δραχμῆς
407 2945 538 3026 Εὐρώπην
553 2947 600 3018 τὴν
616 2948 733 3020 Ἀτθίδα,
750 2951 816 3026 μήτε
828 2951 947 3030 φοίηθείς

305 3035 418 3109 μηδένα,
431 3034 492 3108 μήτ’
508 3036 591 3099 ἄλλως
604 3034 795 3112 ἀντιλέγονται,
809 3037 867 3115 ἔχε,

265 3119 308 3178 καί
323 3121 460 3201 στρωμνὴν
473 3119 638 3201 παρέχουσαν
653 3121 789 3202 ἀμεμφέα,
800 3125 905 3202 χώπάτε
915 3125 1024 3204 χειμών,

300 3209 440 3290 ἄνθρακας.
453 3199 492 3268 Ἦ
506 3212 538 3288 ῥα
550 3209 645 3286 μάτην,
657 3213 708 3270 Ζεῦ
720 3211 795 3290 φίλε,
811 3217 870 3290 βοῦς
882 3215 977 3289 ἐγένου.

384 3385 448 3434 till.
464 3377 620 3436 ΜΑΡΚΟΥ
639 3377 915 3436 ΑΡΓΕΝΤΑΡΙΟΥ.
1010 3417 1012 3422 ,

167 3540 169 3545 ·
263 3503 357 3587 Ἔγχει
369 3509 508 3582 Λυσιδίκης
520 3510 629 3576 κνάθους
641 3509 720 3585 δέκα,
731 3517 777 3584 τῆς
788 3511 815 3572 δέ
829 3518 946 3584 ποθεινῆς

303 3597 455 3676 Εὐφράντης
466 3596 512 3656 ἕνα
524 3621 586 3674 μοι,
599 3599 688 3677 λάτρι,
702 3600 772 3658 δίδου
782 3599 885 3660 κόαθον.

262 3683 362 3754 Φήσεις
374 3684 515 3755 Λυσιδίκην
530 3709 563 3762 με
578 3686 659 3766 φιλεῖν
669 3687 758 3748 πλέον.
772 3690 812 3748 Οὐ
826 3689 863 3764 pt
875 3689 919 3746 τὸν
931 3687 993 3761 ἡδὺν
1025 3695 1028 3700 ’

300 3773 414 3852 Βόκχον,
426 3773 454 3832 δν
469 3774 495 3830 ἀν
506 3773 587 3853 ταύτῃ
599 3773 754 3853 λαόροποτῶ
766 3776 862 3834 κύλικι·

261 3861 328 3918 ἀλλά
340 3883 384 3936 μοι
400 3861 536 3940 Εὖρράντη
553 3862 601 3938 μίοι
612 3861 675 3939 πρὸς
684 3863 761 3920 δέκα·
772 3865 816 3922 καί
828 3863 878 3944 γίιρ
889 3863 1009 3942 ἀπείρους

258 3974 263 3983 ·
291 3947 410 4038 Ιἀστέρας
421 3947 448 4006 ἓν
462 3949 546 4023 μήνης
561 3949 653 4030 φέγγος
664 3953 834 4038 ὑπερτίθεται.

292 4243 449 4290 Τονιιιενιῑυιιι
460 4241 566 4308 duplicas
577 4257 630 4302 cur,
643 4259 717 4302 nnus,
728 4259 780 4300 oro,
792 4243 868 4294 milri?

259 4321 361 4371 Pulchre
372 4323 417 4372 tibi
426 4325 491 4389 virgo
503 4341 581 4373 comes
591 4335 627 4374 est
641 4340 647 4374 :
666 4325 760 4388 vestigia
771 4336 849 4375 sector

294 4406 374 4468 illius3
384 4423 413 4456 en
428 4408 509 4473 populi
522 4425 568 4457 non
581 4409 637 4458 licet
647 4409 682 4457 ire
695 4409 753 4458 via?

260 4491 319 4550 θνα
332 4489 427 4537 tandem
440 4489 526 4538 invidio
536 4499 583 4546 est.
598 4506 636 4538 me
646 4490 709 4538 dulci
719 4491 809 4540 lumine
820 4491 894 4540 iorum

198 4585 202 4592 ·
293 4574 407 4619 Poscere?
417 4557 548 4636 spectamus
561 4571 594 4619 sic
609 4587 704 4636 quoque
713 4589 773 4636 slepe
784 4573 849 4622 dens.

542 4740 595 4783 ¹⁰7·
611 4739 754 4772 remunerer.

258 4874 323 4923 Belle
330 4911 338 4937 ,
349 4890 415 4924 meus
427 4891 476 4924 mos
485 4885 528 4932 est,
543 4883 681 4923 clamorem
699 4875 798 4923 reddere
810 4863 915 4930 ementi.

292 4960 321 5005 Et
338 4957 379 5021 qui
393 4973 431 5004 me
445 4957 523 5016 ledat,
536 4957 620 5006 ledere
635 4957 705 5006 dente
717 4957 787 5008 truci.

259 5039 318 5086 Cum
333 5049 356 5087 tc
365 5038 425 5087 fidus
437 5055 531 5099 omem,
545 5055 589 5088 nec
603 5055 640 5086 me
652 5045 791 5095 contemne,
808 5038 884 5088 necin
898 5047 921 5085 te

292 5119 407 5179 Pierides,
419 5137 521 5184 numque
533 5130 568 5168 est
580 5119 616 5169 isis
624 5120 699 5184 gravis
711 5119 756 5181 ira,
768 5136 835 5170 voce.

258 5203 314 5249 linc
324 5202 367 5252 tihi
377 5203 507 5252 clemebnm
521 5203 603 5262 toties;
614 5202 654 5250 sed
665 5200 752 5251 inauie.
767 5203 827 5250 Nem
842 5211 864 5250 te

1117 557 1141 616 pt
1152 555 1177 604 in
1188 554 1283 604 dolores
1295 567 1336 604 me
1349 553 1447 614 conjicis
1461 553 1535 616 duplo
1549 555 1688 618 graviores?

1088 643 1212 706 Virginem
1226 641 1290 691 enirn
1302 641 1372 692 ducis
1386 641 1591 704 pulchenimem‚
1606 643 1676 704 cuius
1688 643 1801 694 insistens

1117 729 1225 792 vestigiis
1238 728 1294 777 vide
1305 728 1427 790 quomodo
1437 727 1535 790 proprie
1546 729 1609 778 rerer
1621 729 1675 790 νίο,
1760 729 1863 793 [nnsis.

1089 815 1175 864 seriem
1193 815 1363 864 tautummodo
1389 813 1525 876 adspiciens
1549 813 1653 864 dulcem.
1677 815 1742 871 Quid
1767 815 1866 865 inrides

1117 903 1223 952 misere?
1236 903 1309 952 etiem
1321 903 1494 952 immortalium
1509 903 1599 952 lomnes
1612 905 1758 966 spectemus.

1345 1087 1397 1132 107.
1417 1083 1597 1132 pulteolim.

1089 1255 1100 1279 «
1115 1237 1175 1284 Novi
1185 1274 1191 1296 ‚
1203 1235 1398 1297 suevis-lemine,
1408 1248 1508 1298 prorsus
1519 1249 1600 1285 emere
1613 1249 1670 1286 eum
1680 1237 1723 1300 qui
1731 1251 1773 1287 υιο
1786 1243 1864 1296 ornet.

1118 1327 1142 1373 et
1153 1337 1239 1373 rursus
1254 1323 1312 1373 novi
1328 1337 1385 1373 eum
1399 1325 1441 1388 qui
1455 1338 1495 1374 me
1508 1324 1603 1374 mordet
1616 1325 1727 1375 mordere
1742 1347 1748 1374 ι

1086 1423 1117 1459 ne
1125 1409 1205 1472 afflige
1216 1423 1255 1460 me
1271 1409 1314 1472 qui
1326 1407 1397 1459 nimis
1412 1409 1485 1474 diligo
1497 1413 1531 1472 te¹
1546 1409 1644 1473 nolique
1657 1409 1751 1460 inituro

1117 1496 1142 1545 in
1156 1497 1183 1546 te
1197 1495 1440 1560 graviter-irascentes
1453 1496 1568 1546 Pierides.
1583 1519 1594 1541 n

1086 1585 1145 1632 liaee
1157 1583 1290 1632 οίεωαίνυπι
1304 1596 1399 1646 semper
1411 1587 1436 1634 et
1450 1583 1627 1646 predicebam
1640 1585 1683 1635 sed
1695 1585 1759 1635 sieut
1772 1599 1844 1634 more

1118 1673 1227 1734 ionium,
1241 1676 1278 1723 stc
1290 1687 1414 1724 sermones
1430 1673 1547 1724 audiebas
1560 1679 1663 1726 nostros.

1086 1761 1189 1812 Proinde
1204 1775 1269 1812 nunc
1285 1765 1314 1812 tu
1327 1761 1427 1826 quidem
1443 1762 1480 1812 eie
1492 1763 1597 1828 graviter
1609 1765 1743 1814 lamentans
1753 1765 1847 1824 letres;

1117 1860 1162 1898 nos
1175 1861 1234 1897 vero
1248 1847 1273 1897 in
1287 1848 1342 1897 sinu
1355 1848 1468 1898 sedemus
1482 1849 1586 1899 Naiedis.

1343 2020 1395 2065 108.
1412 2017 1609 2066 GRINAGORAE.

1086 2181 1186 2241 Misere,
1198 2185 1281 2244 quote
1291 2181 1367 2244 primo
1381 2182 1490 2244 nomine,
1501 2197 1550 2245 quo
1561 2183 1646 2233 ultimo
1656 2185 1781 2247 alloquar?

1116 2269 1218 2319 illiserat
1231 2269 1278 2318 hoe
1293 2269 1318 2318 in
1332 2269 1397 2318 omni
1410 2271 1474 2320 melo
1485 2284 1578 2320 rerum.

1086 2355 1187 2416 obiisti,
1200 2369 1216 2404 ο
1230 2357 1408 2419 grute-mulier,
1422 2361 1447 2408 et
1457 2358 1482 2406 in
1491 2358 1574 2408 vultus
1587 2358 1768 2421 pulchritudine

1116 2442 1380 2506 summum-festigium
1393 2447 1418 2492 et
1431 2444 1456 2493 in
1470 2444 1557 2492 anime
1571 2444 1679 2494 moribus
1688 2449 1763 2495 necte.

1086 2531 1157 2578 Prote
1169 2530 1281 2590 (Primo)
1293 2529 1337 2580 tihi
1345 2543 1433 2580 nomeu
1442 2534 1494 2580 eret
1504 2545 1591 2580 verum
1603 2552 1608 2580 ι
1619 2537 1689 2582 erent
1699 2534 1763 2582 eninr
1773 2539 1866 2584 cuncte

1115 2615 1222 2666 secunde
1232 2616 1413 2668 inimitehilihus
1426 2617 1476 2666 tuis
1490 2618 1579 2681 gratiis.

1347 2807 1397 2852 109.
1415 2804 1590 2852 summit.

1083 2967 1204 3018 Drechma
1217 2971 1329 3031 Europen
1344 2968 1463 3028 Atticam,
1475 2982 1521 3018 nee
1535 2972 1646 3020 metuens

1114 3071 1275 3120 quemquem,
1286 3071 1331 3106 nec
1342 3057 1400 3106 alies
1412 3061 1568 3119 renuentem,
1578 3057 1656 3118 hehe,
1750 3058 1845 3123 [suerit
1856 3102 1863 3122 ‚

1083 3159 1112 3195 ec
1124 3145 1203 3196 cubile
1216 3133 1364 3209 prebentem
1377 3148 1609 3210 non-spemendum,
1622 3152 1646 3198 ct
1664 3150 1761 3211 quando
1777 3149 1865 3200 hienis

1114 3245 1210 3294 prunus.
1224 3235 1267 3281 Nee
1279 3232 1382 3292 husim,
1397 3233 1511 3296 luppiter
1524 3247 1592 3294 care,
1602 3233 1647 3300 hos
1656 3235 1735 3284 iactus
1745 3251 1778 3286 es.

1277 3409 1327 3452 ild.
1346 3405 1442 3454 illuct
1458 3405 1653 3455 ARGENTARH.

1082 3537 1185 3586 lnlunde
1195 3535 1260 3585 ιιιίίιί
1271 3536 1393 3598 Lysidices
1404 3537 1489 3587 decem
1506 3535 1619 3600 cyathos,
1630 3537 1673 3587 sed
1688 3537 1863 3588 desiderabilis

1110 3623 1261 3687 Euphruntes
1273 3637 1350 3673 unum
1363 3624 1438 3686 milri,
1453 3625 1559 3686 lamule,
1569 3625 1601 3674 de
1611 3625 1733 3687 cpothum.

1080 3710 1151 3759 Dices
1163 3710 1341 3774 me'Lysidicen
1356 3713 1433 3775 magis
1446 3725 1535 3762 amere.
1547 3713 1600 3762 lton
1618 3725 1690 3772 sune,
1700 3725 1742 3775 per
1754 3712 1861 3764 dulcem

1109 3795 1246 3860 Bacchum,
1256 3811 1330 3861 quem
1341 3799 1366 3848 in
1379 3797 1427 3848 hac
1440 3799 1598 3864 cupide-poto
1612 3801 1698 3858 celice3

1079 3884 1122 3934 sed
1136 3884 1196 3934 mihi
1210 3884 1348 3949 Euphrante
1362 3899 1411 3936 una
1425 3888 1489 3937 velet
1501 3887 1585 3937 decern
1600 3907 1606 3936 :
1620 3887 1708 3938 etenim
1725 3887 1864 3939 innumera

1109 3974 1174 4022 estre
1185 3986 1263 4022 unum
1274 3974 1338 4023 lune
1352 3973 1434 4024 lumen
1449 3978 1553 4040 superet.

1112 4251 1166 4297 Non
1175 4257 1227 4296 eret
1235 4248 1295 4297 Ionii
1304 4249 1399 4298 surdior
1407 4250 1469 4298 unde
1480 4248 1560 4298 meris.

1018 4359 1020 4370 ·
1079 4331 1139 4393 Ergo
1152 4337 1179 4378 tu
1188 4330 1273 4378 merito
1284 4345 1347 4380 nunc
1359 4331 1437 4395 plores
1446 4340 1470 4379 et
1484 4330 1556 4394 gemis
1569 4344 1576 4379 :
1588 4338 1613 4378 nt
1622 4345 1660 4378 rne

1111 4412 1212 4462 Pulcher
1224 4413 1296 4462 hehet
1309 4423 1395 4462 tenere
1408 4414 1496 4463 Naidos
1506 4429 1560 4462 ecoe
1573 4413 1646 4462 sinus.

1300 4623 1354 4654 110.
1373 4623 1449 4654 miei
1470 4621 1628 4654 Assumit.

1077 4783 1194 4848 Lysidices
1206 4783 1303 4832 infunde
1315 4784 1409 4840 decem,
1425 4784 1465 4832 sed
1480 4782 1588 4832 amabilis
1598 4797 1671 4836 unum

1037 4887 1039 4892 ·
1109 4867 1258 4932 Euphrantee
1269 4865 1381 4932 cyathum
1392 4867 1420 4916 de
1431 4863 1500 4925 mihi,
1511 4865 1556 4914 lide
1568 4879 1635 4929 puer.

1076 4952 1198 5018 Lysidicen
1211 4951 1275 5016 plus,
1286 4951 1377 5014 inquit,
1392 4965 1464 4998 emas.
1479 4951 1534 4998 Non
1547 4957 1582 4996 est
1594 4947 1627 4995 ite
1643 4962 1648 4996 :
1661 4945 1694 4993 sic
1703 4959 1755 5004 mc,

1109 5035 1180 5098 Cujus
1193 5035 1256 5097 lerga
1266 5033 1323 5082 bibo
1337 5032 1435 5098 pocula,
1446 5031 1551 5080 Bocchus
1564 5039 1638 5080 emet.

1076 5116 1214 5182 Euphrante
1224 5117 1287 5165 uniet
1296 5133 1343 5164 una
1354 5116 1444 5165 decem.
1460 5115 1497 5164 Sic
1511 5113 1606 5163 retheris
1619 5113 1683 5177 ignes

1108 5203 1246 5248 Innumeros
1261 5186 1308 5248 und
1318 5197 1393 5247 sidere
1405 5201 1469 5244 Lunn
1483 5195 1578 5260 premit.
