4018 5938
254 487 273 526 x
939 455 1151 518 PRAEFATIO.

258 609 300 672 At
313 625 396 672 ecce
411 601 448 670 in
462 598 581 670 medio
594 597 667 666 fere
682 594 798 692 capite
812 595 964 690 septimo
976 617 1088 689 quum
1104 590 1236 662 Brodaei
1249 605 1371 662 notam
1386 591 1566 687 quandam
1582 590 1813 688 inspicerem,

255 752 339 797 casu
355 725 481 797 oculus
497 725 533 795 in
547 723 745 792 variantem
759 719 925 789 versiculi
940 717 1087 811 alicujus
1106 715 1318 810 scripturam
1332 716 1494 812 proxime
1513 714 1649 784 allitam
1663 716 1812 806 incidit,

255 869 404 941 eamque
419 843 536 937 magni
548 865 631 912 sane
646 840 831 928 momenti,
849 839 919 908 alio
931 844 1059 908 nemine
1071 839 1269 930 hujusmodi
1277 838 1413 934 aliquid
1424 838 1603 933 referente.
1621 843 1671 909 Ne
1686 841 1811 930 multa,

256 957 420 1064 apparuit
434 966 602 1060 juvenem
626 965 854 1046 Sauarasruu,
872 962 934 1057 qui
953 961 1088 1064 primus
1106 961 1269 1032 codicem
1288 961 1456 1048 excussit,
1478 962 1552 1057 jam
1574 976 1652 1032 tum
1674 978 1808 1034 veteres

256 1106 292 1162 et
303 1091 516 1162 recentiores
530 1089 602 1157 sive
616 1084 849 1181 interpolatos
863 1084 991 1154 ductus
1005 1083 1232 1155 librariorum
1243 1083 1431 1178 aliquoties
1441 1085 1576 1181 optime
1589 1084 1804 1174 distinxisse,

259 1214 319 1285 ubi
334 1211 425 1284 nibil
440 1211 576 1282 viderat
592 1210 879 1305 κομπομικρολόγος
901 1207 959 1277 ille
984 1208 1223 1295 Paulssenius,
1239 1233 1313 1277 non
1328 1221 1469 1304 poterat
1486 1223 1605 1278 autem
1619 1207 1739 1278 videre
1757 1213 1814 1278 Ja-
1831 1216 1836 1294 l

258 1337 401 1408 cobsius
415 1335 452 1404 in
467 1333 673 1431 apographo
689 1331 842 1401 sormam
857 1330 1040 1401 literarum
1054 1331 1239 1420 reddente,
1251 1355 1325 1402 non
1339 1331 1528 1401 atramenti
1542 1345 1577 1400 et
1593 1353 1679 1400 rasae
1693 1303 1834 1400 totaeve'

260 1456 472 1528 membranae
490 1455 655 1551 speciem.
668 1456 754 1538 Quae
766 1451 991 1540 Salmasiana,
1009 1453 1076 1523 nisi
1091 1478 1190 1525 error
1202 1454 1334 1525 alicubi
1349 1453 1506 1551 patebat,
1516 1479 1599 1524 cum
1613 1453 1814 1551 pulvisculo

259 1579 394 1674 sublegi
412 1579 450 1648 in
468 1578 576 1647 altera
595 1591 695 1673 parte
712 1576 837 1672 capitis
856 1577 995 1673 septimi
1016 1592 1122 1674 atque
1140 1580 1176 1648 in
1200 1577 1392 1648 dddendis.
1415 1577 1516 1647 Unde
1529 1576 1707 1672 liquidum
1726 1601 1815 1647 con-

261 1705 462 1798 fessumque
485 1701 546 1771 fiet
565 1698 732 1770 omnibus
757 1725 848 1796 opus
866 1723 942 1769 esse
968 1714 1008 1769 ut
1028 1700 1118 1773 liber
1131 1702 1167 1771 in
1185 1703 1287 1772 terris
1310 1702 1435 1770 unicus
1456 1700 1502 1770 ab
1519 1700 1666 1771 homine
1686 1701 1817 1777 barum

260 1851 380 1897 rerum
404 1824 613 1920 gnarissimo
639 1824 858 1892 examinetur
883 1819 1021 1912 nunno,
1043 1849 1116 1920 quo
1143 1825 1317 1920 scriptura
1341 1849 1381 1894 ex
1402 1825 1481 1920 ipso
1507 1823 1594 1894 olim
1621 1822 1819 1920 archetypo

261 1949 381 2037 ducta,
393 1973 413 2017 a
427 1945 689 2018 correctoribus
706 1944 868 2014 nondum
880 1959 1080 2036 attrectata,
1094 1963 1232 2018 certum
1245 1946 1283 2018 in
1298 1946 1447 2018 modum
1463 1946 1596 2044 ubique
1609 1961 1766 2044 patescat
1783 1963 1820 2017 et

261 2071 306 2141 ab
326 2069 547 2167 interpolatis
570 2068 803 2138 discernatur.
822 2072 874 2136 De
897 2067 952 2138 bis
975 2084 1094 2142 autem
1120 2070 1401 2160 correctoribus,
1420 2070 1465 2158 de
1494 2071 1759 2140 correctionum
1783 2085 1819 2140 et

262 2195 368 2264 variae
391 2193 572 2289 scripturae
594 2189 770 2278 sontibus,
791 2189 921 2260 deinde
939 2190 985 2261 de
1000 2192 1267 2264 dialecticarum
1287 2193 1483 2263 formarum
1506 2194 1593 2262 mira
1616 2217 1761 2290 prorsus
1782 2194 1819 2262 in

261 2318 318 2388 his
337 2316 521 2414 poematiis
546 2317 703 2402 ποικιλίᾳ,
727 2313 822 2382 unde
850 2337 891 2382 ea
916 2317 1122 2410 provenerit
1140 2331 1176 2386 et
1203 2317 1266 2412 qui
1291 2341 1358 2412 pro
1384 2329 1485 2386 aetate
1509 2315 1679 2412 cujusque
1706 2330 1820 2412 poetae

262 2455 322 2511 aut
343 2463 444 2510 more
467 2437 595 2508 modus
613 2437 688 2530 ejus
706 2436 757 2506 rei
776 2437 822 2505 sit
844 2437 1068 2526 statuendus,
1090 2440 1322 2534 quaestionem
1345 2441 1491 2536 spissam
1515 2453 1550 2510 et
1571 2440 1738 2528 arduam,
1758 2440 1820 2510 sed

262 2563 511 2647 necessariam,
527 2557 853 2655 nemodum.(quod
874 2559 999 2655 sciam)
1017 2561 1204 2631 tractavit:
1222 2585 1300 2658 quae
1315 2563 1352 2632 in
1371 2561 1440 2632 hac
1458 2570 1634 2632 variorum
1652 2561 1816 2648 editione,

263 2687 400 2756 etiamsi
418 2684 535 2780 aliqua
555 2697 677 2780 parata
691 2681 923 2771 haberemus,
941 2686 1084 2754 tractari
1098 2709 1172 2754 non
1185 2699 1338 2781 poterat.

311 2810 433 2879 Latina
451 2809 607 2904 capitum
623 2811 655 2894 l,
676 2811 735 2894 ΙΙΙ,
758 2810 804 2877 lV
823 2822 858 2876 et
875 2811 952 2876 Vlll
971 2822 1054 2878 sunt
1077 2813 1323 2896 Borssoxanu,
1346 2809 1407 2905 qui
1428 2809 1471 2878 in'
1488 2809 1604 2906 capite
1620 2811 1650 2876 V
1664 2823 1700 2879 et
1718 2823 1819 2906 parte

262 2933 349 3003 sexti
363 2957 404 3002 ea
422 2955 564 3028 quoque
578 2930 832 3026 epigrammata
847 2929 955 2999 latine
973 2930 1132 3001 reddidit
1147 2956 1225 3026 quae
1239 2931 1335 3028 apud
1355 2935 1541 3024 Hugonem
1562 2933 1729 3002 Grotium
1746 2957 1819 3003 non

262 3053 463 3123 habentur.¹
476 3057 515 3122 ln
534 3066 631 3121 sexto
647 3053 763 3148 capite
782 3076 859 3121 rem
878 3053 1008 3141 omisit,
1031 3055 1193 3147 Gregorii
1213 3055 1419 3124 Nazianzeni
1438 3054 1597 3124 versibus
1613 3055 1706 3152 (cap.
1727 3059 1820 3144 Vlll)

264 3191 346 3247 ante
371 3191 503 3266 cetera,
527 3189 566 3245 ut
591 3175 745 3264 videtur,
771 3175 960 3245 translatis.
979 3179 1106 3245 Borfflr
1134 3191 1215 3245 sunt
1239 3176 1347 3246 latina
1367 3177 1525 3273 capitum
1544 3181 1575 3246 ΙΙ
1594 3191 1628 3247 et
1642 3183 1685 3264 V,
1703 3178 1764 3248 sed
1783 3179 1819 3247 in

264 3314 362 3370 sexto
382 3300 497 3396 capite
515 3298 592 3388 ille,
613 3299 698 3369 item
717 3313 757 3368 ut
775 3298 1042 3386 Boissonadius,
1063 3297 1169 3368 telam
1186 3298 1305 3369 subito
1325 3299 1532 3396 abruperat,
1554 3299 1600 3371 ad
1620 3301 1687 3371 alia
1707 3303 1821 3398 capita

264 3421 482 3512 transiliens,
510 3447 666 3512 nonum,
692 3420 939 3508 undecimum,
969 3419 1237 3515 quindecimum
1264 3433 1298 3490 et
1323 3417 1538 3516 planudeam
1565 3422 1818 3517 appendicem,

263 3568 342 3642 quae
366 3567 492 3638 magna
519 3567 561 3612 ex
589 3556 700 3639 parte,
722 3543 901 3636 integrum
920 3541 1071 3632 nullum,
1095 3543 1133 3612 in
1155 3541 1306 3612 latinum
1333 3565 1534 3614 sermonem
1552 3545 1739 3614 convertit.
1759 3551 1818 3616 In-

264 3683 404 3762 gentem
416 3664 553 3738 hiatum
571 3662 755 3763 quomodo
771 3663 949 3761 explerem
960 3680 995 3734 et
1008 3665 1045 3735 in
1059 3673 1133 3736 otio
1151 3665 1234 3736 satis
1250 3677 1399 3759 angusto
1413 3665 1627 3760 longissimis
1641 3667 1818 3763 capitum,

265 3792 416 3887 septimo
432 3805 466 3860 et
486 3816 600 3888 nono,
621 3789 863 3888 prospicerem
876 3812 950 3858 non
969 3788 1095 3864 leviter
1107 3789 1218 3858 animi
1233 3787 1420 3874 sollicitus,
1436 3789 1689 3860 amicissimum
1704 3791 1820 3861 virum

264 3919 293 3984 J.
314 3919 486 3984 Lxrxurra
503 3914 697 4012 appellavi,
718 3915 819 4010 cujus
836 3911 986 3986 multam
1011 3912 1213 3984 doctrinam
1241 3929 1276 3983 et
1300 3911 1516 3983 indefessum
1538 3914 1575 3982 in
1598 3911 1822 4009 philologieis

265 4062 372 4108 omne
393 4061 502 4132 genus
522 4035 647 4108 studiis
665 4037 830 4107 ardorem
845 4053 918 4108 tam
939 4060 979 4108 ex
1000 4037 1138 4133 scriptis
1157 4061 1266 4134 quam
1285 4035 1448 4106 familiari
1464 4061 1529 4106 usu
1548 4037 1730 4130 cognitum
1754 4035 1819 4104 ha-

265 4160 404 4232 bebam.
430 4163 502 4230 Nec
517 4143 639 4230 sesellit
664 4185 744 4257 spes
771 4161 808 4230 in
837 4162 952 4230 amico
977 4160 1092 4258 posita
1121 4187 1127 4228 :
1159 4162 1235 4230 sine
1264 4183 1362 4230 mora
1385 4159 1570 4256 respondit
1593 4183 1629 4229 se
1647 4172 1817 4256 prompto

249 4281 386 4372 animo
407 4307 483 4353 rem
503 4297 762 4380 suscepturum.
788 4288 872 4353 Tam
892 4283 997 4379 longe
1015 4299 1134 4356 autem
1151 4283 1273 4355 aberat
1302 4299 1340 4354 ut
1363 4284 1481 4354 oneris
1513 4282 1648 4379 aliquid
1675 4282 1822 4352 sentiret

265 4407 332 4478 sibi
348 4431 423 4478 esse
439 4407 663 4503 impositum,
680 4421 718 4475 ut
737 4405 864 4475 exinde
878 4419 993 4475 totum
1009 4407 1158 4478 sedaret
1172 4405 1392 4501 Anthologiae
1407 4429 1536 4500 graecae.
1553 4410 1632 4476 Non
1652 4429 1693 4475 ea
1707 4403 1820 4475 solum

181 4609 184 4618 Α
267 4555 344 4628 quae
359 4528 606 4600 Boissonadius
620 4543 656 4598 et
670 4529 814 4598 Bothius
832 4529 964 4603 intacta
984 4529 1217 4626 reliquerant,
1235 4529 1297 4601 sed
1319 4530 1454 4623 integra
1474 4530 1592 4625 capita
1616 4526 1822 4623 quindecim

267 4653 430 4725 Palatinae
447 4669 482 4723 et
498 4652 713 4751 planudeam
731 4651 966 4748 appendicem
984 4683 1001 4716 «
1020 4653 1194 4724 latinitate
1209 4655 1366 4725 donavit.
1382 4683 1399 4718 a
1418 4657 1586 4723 Praeterea
1602 4651 1821 4748 deplurimis

268 4793 320 4848 est
332 4791 592 4848 commentatus
607 4789 642 4846 et
660 4775 1010 4846 animadversionum
1029 4801 1172 4847 suarum
1192 4777 1356 4848 condidit
1372 4752 1559 4847 fasciculos
1581 4803 1588 4845 :
1616 4775 1728 4866 unde,
1743 4799 1822 4871 quac

269 4901 435 4996 sugerunt
453 4903 662 4997 interpretes
676 4901 827 4996 priores,
844 4914 1007 4996 excerpta
1020 4917 1198 4998 proponet
1217 4903 1254 4970 in
1269 4901 1380 4972 altero
1396 4900 1590 4970 volumine.

315 5023 357 5089 In
377 5023 606 5091 annotatione
624 5022 759 5116 integra
785 5021 895 5093 habes
920 5025 1191 5096 boissonadiana
1216 5040 1251 5094 et
1275 5024 1486 5095 Jacobsiana
1508 5021 1662 5120 exempli
1685 5021 1731 5092 ad
1756 5045 1822 5090 nos

270 5143 385 5232 missi,
404 5143 529 5214 selecta
545 5159 664 5215 autem
680 5170 721 5215 ex
738 5145 932 5220 Botbiauis.
953 5153 1114 5220 salertam
1135 5148 1299 5219 brevitati
1320 5147 1424 5218 simul
1444 5161 1476 5217 et
1500 5146 1699 5217 commodis
1725 5143 1823 5223 utilia
