3960 5936
524 489 646 553 CAPUT
666 493 714 554 Vl.
737 495 1012 558 EPtuttAtttMn'tu
1034 499 1294 572 uuutuntutttu.
1336 571 1339 578 Ι

152 622 197 680 καὶ
211 621 445 699 κανόνα,γραμμῆς
460 622 580 702 ίδυπόρου
596 625 701 700 ταμίην,

86 731 96 768 t
119 711 158 770 καὶ
167 709 271 788 χρόνιον
280 711 418 785 γλυττοῖσι
430 707 512 785 με’λαν
523 708 720 790 πεφυλαγμένον
734 713 848 792 ἄντροις,

154 799 200 856 καὶ
214 796 335 874 γλυφίδας
349 797 475 874 καλάμων
489 797 556 875 άκρα
571 799 771 876 μελαινομένων,

120 886 229 965 Ἑρμείῃ
243 885 408 962 Φιλόδημος,
424 884 480 944 ἐπεὶ
494 885 580 965 χρόνῳ
594 886 715 966 ἐκκρεμὲς
729 887 779 958 ἤδη

156 968 218 1045 ἦλθε
232 978 290 1032 κατ’
304 976 443 1052 δρδαλμῶν
461 974 535 1052 ῥυσὸν
549 967 705 1034 ἐπισκύνιον.

382 1116 425 1166 65.
446 1121 505 1164 Tot
521 1120 627 1166 mor.

123 1245 170 1306 Τόν
184 1243 324 1322 τροχόεντα
336 1241 469 1317 μόλιόδον,
480 1241 506 1310 ὃς
515 1242 634 1321 ’ἀτραπὸν
645 1219 697 1302 uida
707 1243 849 1322 popularetur

159 1330 221 1410 όρθό
236 1328 374 1408 παραξύων
391 1334 490 1400 ίθυτενῆ
506 1330 619 1406 κανόνα,

125 1421 163 1478 καὶ
175 1417 279 1496 ιγάλυόα
296 1418 407 1493 σκληρὸν
419 1419 618 1496 καλαμηράγον,
633 1418 759 1475 ἀλλὰκαὶ
775 1417 850 1478 αὐτόν

159 1507 272 1582 ἡγεμόνα
286 1510 411 1583 γραμμῆς
426 1507 553 1572 άπλσινέος
568 1507 679 1578 κανόνα,

92 1619 102 1655 s
125 1595 164 1652 καὶ
177 1593 246 1652 λίθον
258 1594 406 1672 ὀκριόεντα,
423 1593 497 1660 δόναξ
511 1593 549 1652 όθι
564 1595 650 1653 δισσόν
662 1595 753 1655 ὀδόντα

161 1681 265 1760 dri-{aret
281 1681 436 1758 σἰμόλυνθιίς
449 1684 479 1738 ἐκ
491 1684 701 1762 δολιχογραρίης,

126 1769 165 1826 καί
181 1767 269 1846 βυθίην
284 1769 415 1845 Τρίτωνος
427 1770 612 1848 όιλιπλάγκτσιο
625 1769 768 1848 χαμεόνην,

161 1856 280 1933 σπόγγον,
294 1856 445 1934 ἄκεστορίην
460 1857 624 1933 πλαζομένης
635 1857 770 1936 γραρίδος,

127 1944 166 2002 καὶ
177 1943 266 2013 κίστην
281 1943 409 2002 πολῦωπα
424 1943 591 2018 μελανδόκον,
606 1947 643 2001 εἰν
655 1945 692 2002 ἑνί
705 1943 788 2002 πάντα

83 2051 104 2087 ru
163 2031 299 2110 εὗγραρέος
316 2029 409 2111 τέχνης
424 2017 521 2110 ὄργανα
534 2033 668 2108 ρυομένηι,

127 2121 208 2199 Ἑρμῇ
225 2118 404 2194 Καλλιμένης,
418 2119 545 2197 τρομερὴν
559 2121 608 2179 ὑπὸ
618 2120 714 2196 γήραος
725 2119 792 2199 όκνῳ

161 2213 234 2286 χεῖρα
249 2207 416 2286 καθαρμόζων
431 2209 461 2264 ἐκ
475 2207 585 2286 δολιχῶν
599 2208 734 2281 καμάτων.

382 2350 425 2400 66.
438 2353 506 2397 ’ΤΟΥ
522 2353 627 2398 ΑΥΤΟΥ.

127 2467 246 2548 Ἄόροχον
260 2468 385 2534 άπλανίος
400 2468 507 2544 μόλιόον
523 2475 661 2549 γραπτῆρα
676 2470 811 2540 κελεόδου,

162 2549 189 2628 ἧς
201 2556 246 2614 ἔπι
261 2560 374 2637 ριζοῦται
388 2557 542 2636 γράμματος
557 2558 681 2637 ἁρμονίη,

127 2645 168 2702 καί
181 2643 276 2702 κανόνα
291 2647 430 2724 τροχαλοὶο
443 2647 623 2723 κυδερνητῆρα
639 2644 778 2722 μολίόδου,

162 2733 203 2789 καλ
217 2731 313 2790 λίθακα
326 2730 423 2810 spru-lu
439 2733 545 2812 σπόγγῳ
560 2733 716 2808 εἐιδομίνην,

94 2841 105 2876 s
127 2817 167 2875 καλ
182 2817 291 2894 με’λανος
303 2825 437 2898 σταθεροῖο
451 2822 563 2899 δοχήϊον,
578 2823 645 2879 ἀλλὰ
661 2821 704 2879 καί
716 2821 799 2876 αὐτῶν

163 2907 308 2984 ιδγραρίων
323 2908 449 2984 καλάμων
462 2907 617 2986 άκροόαρεῖς
631 2902 738 2993 lixidae,

127 2993 245 3070 σπόγγον,
257 2993 317 3058 ἁλὸς
330 2995 488 3071 βλάστημα,
501 2997 581 3072 χυτῆς
592 2997 706 3069 λειμῶνα
722 2989 863 3062 θαλάσσης,

163 3081 206 3138 καὶ
218 3081 316 3159 χαλκὸν
331 3081 445 3139 δονάκων
461 3082 569 3140 τέκτονα
584 3080 743 3151 λεπταλέων,

127 3169 210 3228 ἐνθάδε
224 3167 393 3246 Καλλιμίνης
407 3171 580 3250 ριλομειδέσιν
591 3170 681 3228 άνδετο
696 3165 832 3242 Μούσαις,

83 3273 105 3309 to
163 3257 240 3336 γήραϊ
253 3255 375 3334 κεκμηὼς
390 3256 497 3334 ὄμματα
509 3257 554 3315 καί
568 3256 704 3331 παλάμην.

128 3415 173 3464 67.
204 3408 413 3466 ΙΟΥΑΙΑΝΟΥ
451 3408 532 3464 Atto
571 3404 748 3464 ΥΠΑΡΧΩΝ
787 3402 893 3460 ΑΙΙῪ-

450 3493 579 3552 ΠΤΙΟΥ.

127 3627 253 3696 Ἀαλινέας
267 3630 433 3708 γραρίδεσσιν
449 3627 604 3687 σἰπιθίινοντα
619 3627 722 3705 πορείας

126 3843 153 3886 Et
165 3840 239 3888 latum
250 3839 375 3905 chalybem
387 3841 428 3904 qui
436 3841 509 3888 donat
520 3841 628 3888 acumine
641 3854 749 3892 cannam,

156 3927 185 3972 Et
200 3939 252 3988 quar
266 3923 364 3972 lineolas
373 3924 451 3987 regula
460 3923 523 3988 jueta
536 3924 613 3986 regit,
666 3939 672 3946 ·

125 4007 152 4051 Et
165 4013 266 4052 veterem
277 4005 369 4068 nigrum
379 4005 472 4052 laticem
482 4020 553 4070 quem
563 4005 653 4069 sculpta
665 4018 765 4051 caverna

155 4086 266 4147 occulit,
281 4096 305 4136 et
316 4085 400 4135 calami
408 4103 478 4151 quem
491 4086 554 4136 bibit
565 4102 632 4151 asper
642 4101 701 4151 apex
713 4121 719 4145 ,

125 4170 247 4218 Mercurio
258 4170 330 4218 donat
340 4169 498 4225 Philodemus,
516 4169 554 4218 cui
565 4169 641 4234 gravis
657 4178 711 4216 etas

156 4253 249 4313 Rugosa
262 4251 319 4299 texit
330 4251 419 4298 lumina
433 4250 552 4316 pellicula.

426 4379 467 4428 65.
490 4396 605 4428 trusirent.
657 4374 661 4382 '

125 4504 265 4554 Orbiculum
279 4505 369 4570 plumbi
383 4507 422 4571 qui
434 4507 517 4554 radere
531 4507 596 4554 rtovit
607 4506 729 4566 amussim,

156 4591 187 4636 Et
201 4597 289 4636 rectam
301 4588 373 4654 coepit
381 4605 452 4653 quam
463 4590 536 4638 semel
550 4589 585 4636 ire
594 4589 669 4647 riam,

124 4671 153 4716 Et
162 4667 248 4716 durum
262 4667 388 4734 chalybem
399 4684 447 4734 quo
458 4683 533 4716 canna
547 4677 653 4728 roratur,
667 4667 750 4716 amussi

157 4752 218 4799 Cum
228 4750 295 4810 duce,
308 4765 379 4814 quam
393 4749 478 4813 gaudet
492 4749 561 4797 litera
574 4749 644 4798 dueta
653 4748 733 4813 sequi,

124 4833 153 4878 Et
164 4845 252 4878 ererum
264 4830 382 4896 lapidem,
394 4830 499 4894 geminos
510 4829 614 4895 spicatur
626 4829 716 4878 arundo

156 4916 214 4974 Quo
224 4912 313 4972 dentes,
327 4911 411 4962 hebuit
422 4913 442 4960 si
451 4928 498 4978 qua
506 4913 610 4962 notando
622 4913 675 4967 diu,

125 4999 232 5058 Quasque
245 4994 323 5044 cubile
334 4995 379 5044 luit
391 4987 496 5043 Tritonis
510 4994 604 5058 spongia
617 5009 714 5054 somno,

90 5087 93 5092 '
156 5081 215 5127 Non
226 5078 287 5129 liene
297 5079 386 5144 scripta
396 5094 438 5128 sua
453 5078 495 5144 qui
504 5078 634 5128 medicatur
643 5094 699 5143 ope,

125 5160 321 5228 hlultiloremque
334 5179 413 5212 ercam
425 5177 540 5227 quaecum
553 5161 649 5226 loligine
658 5171 745 5222 totum,

158 5245 218 5303 Quo
226 5243 353 5309 pulchrum
365 5245 469 5294 scribens
478 5244 576 5308 indiget,
592 5243 655 5293 intus
668 5241 750 5304 hahet,
822 5259 833 5290 ν

965 637 989 686 el
1002 639 1109 699 regulam
1123 638 1192 688 lineae
1203 641 1276 688 recta
1286 639 1444 696 emalricum,

934 728 959 775 et
970 725 1012 774 dtu
1022 729 1144 775 serratum
1155 726 1179 775 in
1189 726 1309 776 excavatis
1320 728 1481 775 atramentum
1492 726 1581 786 antris,

965 817 989 862 el
1003 825 1086 863 crenus
1099 813 1246 862 calamorum
1258 814 1387 862 inaummo
1399 813 1558 875 nigralorum,

934 901 1054 950 lttercun'o
1074 900 1230 950 Philodemus
1246 900 1392 961 dedicavit,
1402 901 1517 963 quoniam
1533 904 1640 964 tempore
1656 901 1706 964 iam

966 989 990 1036 in
1005 988 1089 1037 oculos
1106 987 1231 1038 deseendit
1245 1001 1360 1052 rugosum
1374 989 1535 1051 supercilium.
1593 987 1707 1052 spendens

1118 1173 1120 1178 .
1211 1134 1250 1176 65.
1272 1137 1420 1179 BJUSDEM.

935 1273 1075 1323 Rotundum
1087 1272 1226 1334 plumbum,
1239 1271 1306 1334 quod
1315 1273 1379 1322 viam
1393 1275 1438 1322 scit
1451 1273 1555 1322 incidere

966 1362 1031 1409 recta
1039 1359 1127 1409 radens
1140 1359 1256 1409 directam
1270 1360 1392 1423 regulam,

935 1449 960 1496 el
971 1447 1096 1510 chalybem
1107 1445 1197 1496 durum
1207 1447 1460 1506 calamos-rodentem,
1476 1447 1520 1496 sod
1530 1450 1555 1496 el
1567 1448 1644 1509 ipsam

966 1535 1053 1584 ducem
1064 1534 1462 1598 huemnonaberranliaregulam,
1653 1521 1657 1532 ’

936 1623 961 1671 et
970 1621 1074 1684 lapidem
1083 1635 1211 1684 asperum,
1222 1621 1315 1670 arundo
1330 1621 1372 1670 ubi
1384 1621 1505 1684 duplicem
1515 1621 1612 1671 dentem

861 1748 864 1752 .
966 1708 1115 1758 conmonuit
1127 1707 1240 1758 hebetata
1252 1720 1283 1758 eu
1294 1707 1504 1770 longa-seriptum,

936 1799 961 1846 et
972 1795 1121 1859 protundum
1130 1795 1234 1844 Tritonis
1246 1795 1474 1858 mare-pervagantis
1483 1793 1575 1854 cubile,

967 1883 1105 1946 spongiam,
1114 1865 1250 1931 remedium
1258 1881 1450 1931 errorelabentis
1460 1881 1509 1931 alili
1517 1920 1523 1942 ,

937 1973 962 2019 ct
974 1971 1060 2020 cistam
1070 1969 1220 2018 multiloram
1229 1968 1524 2031 atramentarecipiendo,
1535 1967 1560 2016 in
1570 1981 1617 2016 unu
1629 1967 1709 2014 omniu

966 2055 1164 2106 beneseribentis
1176 2055 1235 2104 artis
1246 2055 1408 2104 instrumenta
1421 2057 1571 2114 certantem,

937 2143 1056 2194 Mercurio
1067 2143 1210 2192 Gallimenes
1217 2129 1501 2200 dedicavit,'tremulam
1510 2137 1709 2188 aseneclnteotio

968 2245 1067 2280 manum
1079 2241 1196 2293 reponens
1212 2233 1268 2292 post
1280 2229 1364 2290 longus
1375 2227 1477 2276 labores.

1214 2363 1252 2406 uu.
1275 2365 1422 2406 liJllSthl.
1442 2421 1445 2430 .

937 2487 1102 2549 tlon-rigatum
1111 2483 1320 2535 baudaberrantis
1328 2481 1455 2544 plumbum
1465 2480 1634 2529 delineaturem
1648 2481 1706 2542 ritu,

969 2575 993 2622 iu
1007 2587 1057 2636 qua
1070 2569 1314 2622 ul-rudiceduudatur
1327 2567 1453 2630 scripturas
1465 2567 1631 2629 aequabilitas,

938 2665 963 2712 el
973 2663 1080 2724 regulam
1094 2660 1191 2712 rotundi
1204 2658 1394 2722 gubentatricem
1406 2656 1498 2719 plumbi
1504 2656 1515 2719 ’,’

970 2753 994 2799 ct
1007 2747 1112 2811 lapidem
1123 2747 1273 2811 perforatum
1284 2745 1390 2808 spongias
1402 2744 1518 2804 similem,
1542 2747 1546 2756 '

938 2841 963 2888 el
977 2837 1106 2900 nigredinis
1117 2834 1279 2898 permanentis
1287 2833 1480 2896 receptaculum,
1490 2832 1539 2880 imo
1548 2837 1573 2881 et
1581 2833 1686 2894 ipsorum

969 2923 1198 2974 bene-scribentium
1206 2922 1353 2972 calamorum
1362 2921 1425 2970 acies
1434 2922 1648 2983 superne-tinctas,
1704 2911 1707 2920 '

939 3012 1075 3076 spongiam,
1086 3011 1159 3059 maris
1167 3009 1313 3072 progeniem,
1325 3007 1411 3070 liquidi
1419 3008 1486 3070 ponti
1495 3010 1607 3070 pratum,
1653 2988 1660 3006 ⁹

969 3104 993 3149 el
1004 3113 1050 3158 as,
1061 3097 1206 3148 arundinum
1216 3097 1333 3146 artificem
1342 3096 1464 3156 tenuium,

940 3188 979 3236 hle
989 3187 1131 3236 Callimenes
1139 3157 1434 3234 libenter-subridebtibus
1445 3181 1564 3232 dedicarit
1575 3183 1664 3240 tltusis,

970 3277 1095 3324 senectute
1107 3273 1186 3322 lessus
1197 3272 1275 3320 oculis
1287 3273 1312 3320 ct
1325 3271 1411 3332 patrna.
1676 3261 1679 3269 '

1063 3415 1100 3460 ut.
1118 3411 1239 3459 Jttttttlt
1255 3411 1294 3457 Ex
1310 3408 1485 3456 PRAEFECTIS
1502 3409 1586 3454 AEGY-

1291 3499 1360 3545 PTll.

941 3628 1149 3678 Nun-declinantes
1161 3625 1221 3674 stilis
1233 3623 1337 3687 dirigens
1349 3624 1401 3672 rias

939 3839 985 3882 Dat
997 3831 1040 3880 tibi
1053 3831 1209 3889 Callimenes‚
1219 3828 1288 3890 Major
1299 3841 1367 3891 puer,
1380 3825 1427 3874 otia
1437 3835 1558 3889 postquam

971 3913 1070 3977 Accepit
1081 3909 1146 3958 senio
1158 3910 1206 3973 jam
1220 3906 1376 3955 tremebunda
1388 3921 1478 3953 manus.

1245 4038 1286 4085 66.
1306 4051 1417 4083 musnsrr.

940 4166 1045 4224 siccum,
1061 4176 1143 4210 errore
1157 4175 1241 4223 vagans
1252 4173 1299 4223 quo
1311 4157 1389 4221 ligitur
1403 4157 1493 4216 orbita,
1505 4157 1637 4220 plumbum,

973 4247 1042 4296 Unde
1050 4245 1113 4310 capit
1122 4243 1202 4293 certosi
1212 4243 1281 4291 litera
1293 4241 1355 4306 picta
1367 4240 1463 4296 modos,

941 4332 1046 4392 Quaeque
1057 4325 1116 4389 regit
1124 4323 1216 4390 plumbi
1228 4321 1370 4371 moderatrix
1380 4321 1460 4384 regula
1467 4338 1568 4380 cursum,

974 4405 1149 4472 Multilorisque
1159 4406 1225 4454 uelut
1237 4402 1333 4469 spongia
1345 4401 1427 4451 scabra
1441 4402 1508 4463 silex,

942 4491 1103 4554 Urceolusque
1115 4497 1165 4536 atra
1179 4485 1274 4552 iuligine
1285 4486 1368 4552 plenus
1376 4521 1383 4546 ,
1392 4493 1417 4532 et
1425 4484 1466 4532 illa

974 4577 1032 4635 Quae
1044 4573 1129 4621 leuiter
1142 4585 1232 4619 summa
1245 4569 1340 4632 cuspide
1350 4583 1424 4617 canna
1437 4569 1530 4627 madet,

942 4655 1090 4719 Spongiaque
1104 4653 1154 4718 ipsa
1163 4651 1236 4699 maris
1250 4649 1362 4698 dillusum
1374 4649 1464 4712 gurgite
1476 4659 1580 4714 pratum,

977 4740 1005 4783 Et
1013 4735 1081 4783 labar
1090 4733 1177 4798 argutis
1191 4732 1267 4781 culter
1276 4731 1443 4792 arundinibus;

942 4816 1028 4866 Omnia
1037 4814 1172 4866 Callimenis
1185 4814 1240 4862 data
1250 4821 1306 4861 sunt
1315 4812 1403 4878 pietate
1413 4811 1521 4862 Camenis
1530 4847 1537 4872 ,

974 4904 1026 4949 Jam
1038 4899 1103 4947 senio
1113 4898 1181 4946 lracti
1198 4896 1287 4945 lumina
1296 4895 1406 4960 ,jamque
1416 4909 1507 4942 manus.

1187 5013 1228 5073 67.
1241 5027 1338 5058 socrant
1350 5024 1458 5058 morri-u
1470 5043 1477 5067 ‚

1078 5147 1107 5178 ex
1117 5146 1205 5196 genere
1213 5127 1383 5194 prefectorum
1402 5119 1580 5190 Augustalium.

943 5250 993 5294 lluc
1008 5244 1128 5310 plumbum
1139 5281 1146 5306 ‚
1159 5244 1222 5308 quod
1231 5242 1318 5308 scripta
1330 5249 1393 5290 retal
1402 5238 1526 5288 deflectere
1536 5237 1599 5299 justo
