4018 5938
268 485 326 562 xxij

267 617 397 676 Vaticani
428 615 536 674 codicis
574 612 746 672 lectionibus
781 627 905 690 careret,
941 635 1035 692 neque

268 725 368 763 earum
383 703 640 762 nanciscendarum
653 703 898 779 opportunitatem
911 702 1039 774 haberet,

269 793 412 852 sexcentis
427 792 458 849 in
472 791 545 848 locis
560 809 667 867 pravas
682 787 863 864 conjecturas
880 811 935 868 pro
950 809 1041 848 mem-

268 880 424 937 branarum
446 875 622 935 lectionibus
641 875 800 947 habuisse,
828 897 921 954 neque
945 878 1042 936 minus

270 985 360 1043 saepe,
374 977 406 1022 ut
423 983 487 1040 quae
508 965 680 1040 corruptelis
702 965 856 1022 horrerent
876 966 1040 1041 laevigaret,

269 1055 413 1110 violentas
426 1065 454 1108 et
474 1053 637 1110 temerarias
653 1051 834 1129 conjecturas
851 1073 916 1112 suas
931 1055 962 1112 in
985 1067 1043 1112 tex·

270 1154 329 1198 tutu
345 1140 503 1198 invexisse.

308 1230 364 1288 Sed
383 1230 436 1288 hos
450 1229 656 1303 elegantissimi
677 1231 735 1287 viri
747 1249 862 1288 errores
874 1230 1042 1307 suspicione

271 1329 331 1374 tum
354 1317 446 1391 magis
468 1316 627 1392 praecipere
650 1336 736 1392 quam
757 1317 843 1374 certis
865 1317 1043 1391 argumentis

269 1405 444 1462 convincere
465 1416 648 1478 poteramus,
675 1423 763 1480 qtvum
787 1404 921 1480 puriores
951 1404 1043 1462 sontes

268 1492 453 1570 paucissimis
468 1503 577 1548 tantum
600 1503 731 1568 paterent
741 1537 750 1566 ,
766 1493 816 1567 qui
835 1492 923 1548 otiosi
940 1491 975 1548 ad
994 1511 1043 1549 eos

268 1580 412 1637 sedebant.
426 1578 521 1647 Quare
533 1599 621 1653 quum
637 1579 717 1637 nulla
732 1599 798 1656 spes
819 1593 893 1636 esset
913 1579 1044 1637 subsidia

268 1666 375 1742 quibus
397 1666 562 1724 Brunclsius
584 1680 737 1740 caruerat,
755 1667 821 1724 aliis
840 1665 968 1724 oblatum
987 1667 1042 1738 iri,

268 1754 425 1812 divenditis
466 1766 559 1812 autem
597 1757 790 1810 analectorum
829 1753 1044 1828 exemplaribus

268 1861 345 1898 nova
357 1841 446 1899 editio
464 1861 482 1900 a
498 1842 648 1899 literarum
661 1840 825 1911 amantibus
841 1842 945 1919 cupide
956 1861 1043 1918 expe·

267 1941 388 1998 teretur,
408 1948 511 2006 quam,
524 1928 620 1986 Gallia
643 1928 730 1987 bellis
746 1929 885 1986 civilibus
901 1943 929 1986 et
950 1942 1043 1986 exter-

269 2017 315 2072 nis
334 2016 517 2074 vehementer
531 2031 652 2085 vexata,
672 2017 708 2074 ab
729 2018 793 2094 ipso
810 2017 923 2074 editore
938 2037 1043 2095 procu·

269 2115 361 2160 ratum
383 2106 422 2160 iri
448 2101 484 2160 ne
513 2105 673 2181 exspectari
697 2105 813 2180 quidem
847 2117 976 2181 poterat,
1008 2107 1043 2162 ad

267 2190 377 2246 exitum
397 2190 557 2266 superioris
573 2193 669 2248 saeeuli
692 2192 894 2248 Analectorum
917 2205 1041 2261 textum,

268 2277 385 2334 omissis
399 2296 464 2353 quae
477 2276 514 2335 ab
529 2278 704 2353 hotlvologia
714 2279 808 2336 aliena
822 2292 934 2350 essent,
948 2298 1043 2336 emen·

270 2365 403 2441 datisque
423 2385 487 2442 quae
509 2366 671 2424 brunckius
693 2367 806 2443 ipsein
827 2368 905 2423 notis
923 2366 1044 2442 adjectis

269 2454 460 2526 correxisset,
473 2454 581 2530 Lipsiae
593 2467 730 2530 quattuor
750 2453 952 2512 voluminibus
965 2474 1044 2531 repe·

274 2541 394 2598 tendum
409 2542 519 2600 curavi.
542 2541 586 2598 Ad
604 2542 665 2598 haec
682 2561 750 2598 mox
763 2543 895 2617 quintum
909 2546 1043 2616 accessit,

268 2627 383 2686 ludices
408 2630 627 2706 copiosissimos
650 2631 816 2698 continenS,
840 2643 868 2687 et
892 2644 957 2688 octo
985 2632 1041 2689 alia

269 2735 333 2791 quae
351 2715 624 2776 Animadversiones
639 2717 905 2794 complectebantur
917 2739 981 2776 cum
994 2719 1046 2776 Pa-

269 2803 455 2879 ralipomenis
470 2803 516 2878 (l).
536 2803 645 2860 Horum
657 2803 733 2860 enirn
749 2803 824 2861 baud
837 2806 959 2878 exiguus
974 2805 1044 2862 mibi

270 2907 407 2945 rrunrerus
423 2902 604 2948 succreverat
617 2909 681 2947 cum
694 2890 832 2970 aliunde,
856 2905 915 2948 tum
933 2911 968 2949 ex
981 2892 1045 2969 ipso

269 2974 408 3033 Vaticano
424 2975 540 3046 codice,
557 2995 642 3053 quem
663 2977 832 3047 Ubdenius,
849 2980 896 3036 vir
912 2979 1043 3049 illustris,

270 3062 321 3137 qui
336 3075 395 3119 tum
409 3061 505 3119 llomae
519 3065 633 3138 negotia
647 3064 838 3140 potentissimi
854 3065 1044 3123 Borussorum

237 3145 242 3151 ¹
271 3150 348 3224 regis
367 3149 559 3226 procurabat,
576 3149 613 3208 ab
630 3151 742 3227 lleynio
757 3151 792 3208 ad
808 3171 869 3209 eam
892 3173 950 3209 rem
967 3155 1046 3211 exci-

272 3249 365 3307 tatus,
382 3239 412 3295 in
427 3257 518 3294 meam
534 3241 653 3312 gratiam
674 3252 854 3310 excusserat3
873 3240 955 3316 cujus
971 3262 1045 3316 prae-

270 3325 440 3382 stantissimi
456 3325 513 3382 viri
534 3345 622 3401 opera
636 3325 800 3402 paulopost
815 3326 920 3399 integri
937 3325 1045 3385 codicis

270 3412 488 3489 apographum,
521 3411 557 3470 ab
589 3412 714 3490 losepho
738 3411 873 3489 Spaletti,
904 3415 1046 3490 scriptore

271 3500 339 3557 olim
359 3498 543 3558 bibliothecae
562 3499 723 3571 Vaticana,
740 3501 881 3575 singulari
896 3500 1047 3575 diligentia

271 3586 391 3658 facturn,
416 3587 447 3645 in
469 3586 677 3646 bibliothecam
708 3587 855 3665 publicam
882 3587 1044 3646 Gothauam

270 3673 381 3732 illatum
396 3686 448 3732 est.
464 3672 508 3731 lix
520 3673 575 3732 hoc
589 3675 703 3732 demum
718 3675 812 3746 libro,
826 3676 877 3752 qui
887 3721 895 3750 ,
907 3677 931 3733 si
946 3695 962 3733 a
975 3695 1043 3753 pau·

270 3762 313 3819 cis
332 3759 483 3821 erroribus
496 3761 680 3834 discesseris,
701 3763 873 3841 autographi
888 3765 978 3821 instar
991 3763 1045 3822 lra-

257 3847 333 3906 beri
347 3863 474 3927 poterat,
486 3861 563 3908 totus
576 3851 757 3926 Anthologiae
769 3851 907 3908 Palatinae
917 3849 1043 3924 habitus,

271 3950 354 3994 antea
371 3939 429 3996 sere
448 3940 616 4014 ignoratus,
633 3941 793 3997 carminum
814 3940 886 3997 ordo
900 3953 928 3997 et
944 3940 1043 4016 dispo-

270 4025 357 4102 sitio,
369 4045 537 4102 summaque
551 4027 662 4085 codicis
676 4028 708 4084 in
721 4028 857 4105 plurimis
872 4027 959 4086 rebus
974 4048 1045 4105 prae·

270 4113 376 4170 stantia
398 4115 533 4189 cognosci
559 4128 680 4191 poterat.
696 4115 892 4190 Quaecumque
915 4115 992 4172 enim
1014 4115 1045 4172 in

270 4199 487 4275 Prolegomenis
502 4203 609 4260 nostris
624 4202 671 4279 (p.
691 4199 908 4280 Lttt-tntxttt.)
929 4201 965 4258 de
981 4203 1046 4258 Au—

271 4287 399 4363 thologia
420 4289 603 4348 Constantini
619 4289 768 4367 Cephalae,
792 4290 828 4346 de
843 4290 907 4364 ejus
924 4289 1044 4363 concin-

271 4387 386 4450 natore,
397 4375 433 4433 de
445 4388 505 4433 toto
519 4375 644 4452 denique
660 4376 759 4433 codice
774 4376 1001 4453 disputavimus,
1013 4396 1047 4433 ea

271 4463 370 4520 omnia
389 4483 426 4520 ex
447 4464 526 4522 illius
550 4464 712 4542 apographi
738 4464 818 4520 velut
845 4464 921 4520 fonte
945 4464 1046 4521 hausta

272 4563 339 4608 sunt
354 4571 361 4607 :
380 4552 499 4609 undeet
513 4552 641 4628 plurima
654 4552 861 4628 epigrammata
875 4571 892 4608 a
906 4550 1047 4608 Salmasio

303 4713 338 4776 (⁴¹)
351 4713 447 4762 Titulus
456 4712 536 4775 operis
545 4715 584 4762 est
599 4731 604 4760 :
618 4711 873 4776 Anthologieorcecn,
887 4716 1046 4767 0101οΡ0010-

273 4796 334 4832 rnm
350 4796 493 4846 grecorum
509 4783 589 4833 lustu.
608 4787 650 4833 Ee
664 4786 815 4832 recensione
830 4785 962 4834 umectat.
977 4788 1046 4835 Turn.

272 4855 341 4904 1·tv.
356 4853 457 4918 Lipsie,
469 4866 491 4902 a.
505 4857 572 4904 1791.
585 4853 695 4913 indices,
708 4857 767 4902 tom.
782 4857 813 4913 11,
824 4867 847 4902 0.
862 4859 933 4907 1795.
949 4859 1045 4907 Jacob-

272 4923 306 4972 sli
331 4921 576 4972 Attitnedeerst'ones
607 4924 636 4970 in
665 4924 860 4985 epigrammate
890 4924 1048 4987 anthologia

273 5005 361 5056 praete
386 4992 528 5042 secundent
554 4993 674 5042 ordinem
697 4993 883 5043 analectorum
906 4996 1047 5056 anchit,

968 484 1133 544 theessstt

1085 619 1279 697 praeternrissa
1289 633 1316 677 et
1326 640 1342 676 a
1352 617 1437 680 nobis
1445 619 1475 678 in
1483 615 1713 698 paralipomenis
1724 617 1864 695 exhibita,

1085 727 1223 765 unacum
1243 707 1387 766 editorum
1403 709 1643 785 epigrammatum
1660 711 1750 767 variis
1764 710 1865 768 lectio·

1087 795 1191 870 nibus,
1204 796 1412 871 profluxerunt.
1429 795 1576 854 Habebam
1592 797 1682 872 igitur
1694 798 1773 874 quod
1789 800 1862 858 mihi

1086 885 1245 958 gratularer
1256 897 1376 962 propter
1390 885 1532 962 ejusmodi
1545 886 1759 962 adjumentum,
1772 889 1866 965 inspe-

1087 983 1149 1026 rato
1170 969 1316 1042 oblatum,
1334 985 1362 1029 et
1390 972 1426 1029 ad
1447 992 1508 1030 rem
1529 994 1615 1050 quam
1640 973 1758 1050 agebam
1780 976 1866 1050 longe

1086 1058 1385 1136 utilissimum3q1md
1407 1061 1465 1118 nisi
1481 1061 1593 1121 tardius
1608 1063 1639 1120 in
1665 1083 1768 1122 manus
1788 1084 1866 1122 meas

1086 1146 1228 1217 venisset,
1247 1160 1336 1204 totum
1364 1148 1438 1206 illud
1461 1149 1668 1209 Analectorum
1692 1155 1865 1230 repetendo-

1087 1254 1151 1291 rum
1175 1236 1328 1294 consilium
1347 1249 1395 1294 aut
1422 1238 1590 1310 evertisset,
1617 1252 1667 1297 aut
1691 1254 1867 1318 magnopere

1086 1336 1274 1384 immutasset.

1128 1411 1233 1470 Verum
1249 1413 1294 1470 vel
1311 1413 1353 1472 sic
1368 1432 1413 1469 res
1426 1413 1610 1488 hntbologiaa
1624 1434 1722 1488 graecae
1734 1415 1867 1474 inchoata

1088 1502 1178 1575 magis
1194 1521 1278 1575 qtram
1305 1502 1431 1578 perlecta
1449 1515 1477 1559 et
1499 1503 1653 1579 profligata
1667 1504 1764 1564 videri
1777 1505 1865 1564 debe-

1088 1587 1145 1646 bat.
1163 1588 1375 1664 llequirebatur
1399 1589 1490 1646 editio
1509 1609 1575 1666 quar
1589 1611 1703 1648 omnent
1723 1592 1866 1651 Constan-

1089 1677 1141 1732 tini
1154 1675 1286 1752 Cephalae
1302 1676 1504 1748 ilntlrologiam
1515 1720 1522 1747 ,
1534 1679 1630 1754 qualis
1640 1669 1720 1736 libro
1731 1678 1866 1738 Vaticano
1928 1709 1929 1712 ¹

1089 1764 1262 1831 continetur,
1277 1783 1341 1821 cum
1358 1762 1497 1822 cornibus
1513 1763 1576 1840 ejus
1590 1764 1806 1826 accessionibus
1820 1789 1867 1826 re-

1088 1865 1291 1928 praesentaret,
1314 1865 1481 1928 textumque
1500 1854 1741 1930 epigrammatum
1764 1857 1867 1914 aPla·

1089 1939 1176 1996 nudis
1191 1937 1466 2016 interpolationibus
1480 1959 1539 1996 non
1554 1941 1651 1998 minus
1665 1961 1751 2018 quam
1766 1963 1782 1999 a
1795 1963 1866 2020 prae·

1088 2027 1212 2104 posteris
1236 2029 1428 2086 recentiorum
1451 2029 1620 2085 criticorum
1636 2031 1867 2106 correctionibus

1089 2129 1241 2192 purgatum
1254 2115 1414 2174 exhiberet.
1426 2115 1506 2174 Talis
1521 2116 1659 2175 editionis
1671 2131 1699 2174 et
1710 2118 1746 2174 ad
1759 2119 1866 2176 critieae

1089 2205 1245 2260 severioris
1269 2203 1345 2278 leges
1372 2216 1478 2260 exactae
1499 2217 1527 2262 et
1551 2205 1760 2281 copiosissimis
1785 2227 1863 2264 conv·

1089 2294 1239 2350 menteriis
1252 2293 1398 2350 instructa
1411 2312 1490 2369 spem
1501 2295 1694 2364 excitaverat,
1711 2309 1867 2372 conspectu

1089 2380 1173 2436 etiam
1191 2379 1309 2457 publice
1327 2381 1406 2438 edito
1422 2379 1479 2458 (*),
1500 2380 1547 2438 vir
1566 2380 1705 2456 elegantis
1727 2382 1868 2444 doctrinas

1090 2467 1304 2543 multarumque
1332 2467 1480 2525 literarum
1506 2499 1545 2512 -
1570 2469 1680 2526 utinam
1710 2483 1766 2527 tam
1799 2471 1867 2531 felix

1090 2574 1175 2631 quam
1193 2555 1311 2614 doctus!
1331 2589 1371 2599 —
1383 2557 1556 2614 Caranonus
1572 2556 1607 2614 de
1623 2556 1800 2631 llocaas‘rts,
1816 2563 1867 2638 qui

1090 2643 1296 2718 Antlrologiam
1320 2663 1439 2718 graecam
1456 2663 1508 2702 sua
1532 2663 1619 2702 manu
1635 2643 1671 2700 de
1689 2645 1868 2708 membranis

1089 2731 1236 2789 Vaticanis
1250 2731 1424 2808 descriptam
1440 2733 1471 2789 in
1488 2733 1555 2790 sinu
1570 2745 1598 2789 et
1613 2732 1707 2790 oculis
1721 2734 1865 2808 gestabat,

1090 2832 1118 2876 et
1132 2839 1184 2897 per
1209 2820 1326 2895 longum
1352 2840 1493 2878 annorum
1518 2840 1633 2878 cursum
1650 2822 1750 2880 omnia
1773 2825 1867 2884 studia
1895 2841 1898 2846 ·

1090 2925 1142 2964 sua
1157 2907 1193 2964 ad
1208 2907 1263 2966 hoc
1278 2928 1352 2985 opus
1370 2909 1568 2967 exornandum
1584 2923 1612 2967 et
1626 2910 1803 2969 elimandum
1819 2915 1867 2974 di-

1090 3009 1211 3054 rexerat.
1236 2997 1270 3053 llt
1295 2996 1355 3074 jam
1381 3017 1426 3054 res
1447 2997 1483 3054 ad
1504 2998 1612 3055 exitum
1632 2997 1786 3058 videbatur
1805 3021 1868 3062 esse

1090 3084 1249 3161 perducta,
1271 3105 1360 3162 quum
1377 3084 1569 3156 Chardonus,
1590 3087 1763 3160 gravissimo
1780 3090 1866 3149 simul

1090 3184 1119 3230 et
1132 3174 1287 3232 senectutis
1302 3186 1331 3232 et
1354 3174 1488 3249 egestatis
1504 3192 1592 3231 onere
1613 3194 1786 3252 oppressus,
1806 3191 1867 3236 tan·

1090 3259 1154 3316 dem
1167 3279 1202 3318 eo
1216 3274 1259 3319 est
1273 3261 1424 3334 redactus,
1440 3273 1473 3319 ut
1484 3281 1598 3320 omnem
1609 3261 1646 3320 ad
1661 3263 1866 3341 Anthologiam

1090 3363 1270 3426 apparatum,
1282 3371 1381 3409 omnes
1394 3354 1506 3428 copias,
1519 3351 1662 3410 indefessa
1671 3364 1713 3410 tot
1724 3372 1867 3414 annorum

1091 3457 1179 3514 opera
1193 3437 1373 3514 conquisitas
1387 3451 1415 3496 et
1435 3451 1603 3513 congestas,
1627 3439 1745 3514 exigua,
1759 3454 1792 3500 ut
1811 3441 1868 3502 fer-

1091 3535 1148 3594 tur,
1167 3525 1310 3601 pecunia,
1324 3543 1382 3601 qua
1397 3525 1433 3582 ad
1448 3526 1538 3582 vitans
1558 3525 1772 3585 sustentandam
1794 3549 1868 3608 opus

1091 3624 1171 3680 erat,
1193 3612 1341 3672 venderet.
1362 3612 1427 3681 Quo
1442 3612 1577 3670 thesauro
1593 3613 1666 3689 quid
1687 3615 1792 3675 factum
1812 3621 1866 3694 sit,

1090 3699 1189 3756 autad
1203 3719 1287 3776 quern
1302 3701 1487 3780 pervenerit,
1498 3719 1619 3780 prorsus
1633 3700 1784 3776 ignoratur
1798 3707 1867 3784 (⁴²⁴).

1091 3785 1147 3844 Sed
1164 3805 1229 3863 spes
1245 3808 1262 3844 a
1276 3787 1432 3844 Chardono
1445 3789 1567 3845 excitata
1579 3808 1668 3864 quirin
1684 3792 1866 3866 evanuisset,

1091 3891 1184 3949 neque
1199 3874 1274 3932 alius
1287 3888 1362 3933 esset
1375 3877 1426 3952 qui
1447 3895 1507 3934 rem
1525 3873 1562 3932 ab
1577 3894 1612 3934 eo
1626 3876 1789 3936 destitutam
1805 3900 1867 3940 sus-

1090 3962 1188 4036 cipere
1202 3963 1302 4033 vellet,
1315 3965 1378 4038 ipse
1399 3964 1572 4034 consilium,
1587 3963 1667 4040 quod
1687 3965 1724 4022 ab
1744 3985 1779 4024 eo
1798 3968 1867 4027 inde

1090 4060 1221 4126 tempore
1237 4071 1297 4127 quo
1311 4051 1508 4130 apographum
1529 4051 1738 4129 Spalettianum
1760 4056 1796 4113 ad
1814 4073 1869 4116 nos

1091 4135 1215 4194 delatum
1231 4152 1320 4210 esset,
1339 4159 1450 4198 mecum
1474 4140 1667 4215 agitaveram,
1684 4141 1868 4218 hnthologiae
1934 4167 1938 4174 ·

1122 4356 1153 4418 (Ἴ
1168 4356 1276 4406 liabetur
1285 4356 1307 4406 is
1320 4357 1344 4406 in
1358 4356 1421 4406 libro
1434 4357 1504 4406 1101110
1515 4357 1591 4419 frugis
1607 4357 1693 4420 pleno,
1707 4357 1746 4406 cui
1758 4357 1846 4409 titulus
1862 4395 1867 4407 .

1093 4427 1222 4488 Melenges
1232 4426 1264 4476 de
1277 4430 1387 4490 critique
1397 4429 1422 4475 ei
1432 4427 1463 4476 de
1474 4426 1618 4490 philologia
1628 4429 1636 4486 (
1648 4427 1725 4488 Paris,
1742 4431 1809 4490 1812,
1820 4430 1865 4479 tri-

1092 4498 1140 4547 bus
1156 4499 1204 4546 vol.
1216 4498 1223 4560 )
1237 4499 1284 4546 vol.
1296 4500 1316 4556 l,
1329 4513 1352 4562 p.
1371 4501 1412 4546 117
1427 4511 1494 4560 seqq.
1509 4499 1602 4546 Novem
1614 4496 1731 4547 decemve
1746 4499 1870 4551 volumina

1091 4567 1151 4616 huie
1164 4568 1231 4630 operi
1244 4567 1409 4618 destinaverat
1419 4605 1425 4627 ,
1435 4580 1533 4616 omnem
1545 4565 1730 4628 complectentia
1740 4569 1869 4619 materians

1092 4651 1167 4701 quam
1178 4651 1223 4687 nos
1241 4639 1266 4686 in
1280 4638 1421 4700 huthologia
1436 4637 1545 4686 Palatina
1558 4635 1723 4699 congessimus
1752 4651 1870 4688 unacum

1092 4709 1266 4758 eornmentario
1275 4745 1282 4768 ,
1292 4708 1393 4758 historia
1405 4707 1554 4770 anthologia
1568 4718 1666 4770 gnta),
1678 4709 1704 4755 et
1718 4707 1805 4758 notitia
1814 4722 1871 4772 poe·

1092 4783 1173 4830 iarum
1188 4779 1230 4841 qui
1243 4779 1416 4842 epigrammata
1432 4778 1590 4842 scripserunt.

1124 4851 1170 4912 (**)
1188 4850 1365 4913 [Ignorabatur
1376 4863 1440 4898 anno
1451 4855 1509 4898 tatu
1520 4861 1584 4909 ,quo
1598 4847 1727 4897 Jaeohsius
1740 4847 1795 4900 hac
1809 4853 1869 4901 scri-

1092 4923 1173 4972 bebat.
1207 4922 1254 4970 Sed
1266 4922 1365 4971 ineunte
1376 4935 1438 4970 anno
1455 4923 1513 4968 1838
1531 4919 1632 4968 emersit
1646 4939 1658 4962 c
1677 4921 1809 4971 thesaurus
1819 4943 1831 4966 0
1845 4927 1872 4973 01

1093 4994 1148 5044 ilico
1162 4993 1268 5057 pretium
1280 4993 1346 5055 quod
1359 4993 1455 5055 poterat
1463 4989 1586 5040 offerebat
1598 4989 1741 5050 Jacobsius3
1762 4991 1811 5042 sedv
1821 5007 1872 5043 ma-

273 5063 322 5112 101.
336 5066 357 5122 l,
373 5077 430 5127 pars
442 5063 502 5126 ltin
517 5077 565 5127 qua
579 5064 798 5127 Proleeomeno),
816 5079 838 5114 a.
853 5069 927 5122 1798;
945 5080 1000 5129 pars
1015 5070 1046 5129 11,
1089 5065 1143 5126 jore
1162 5065 1219 5113 dato
1232 5063 1339 5112 obtinuit
1355 5059 1505 5111 Bibliotheca
1518 5063 1601 5109 nostra
1614 5061 1765 5124 lntperiatis,
1783 5062 1809 5112 iu
1822 5077 1872 5126 qua

274 5133 327 5182 eud.
340 5145 411 5182 anno.
422 5134 476 5182 Vol.
488 5137 520 5195 tt,
532 5147 589 5197 pars
598 5137 623 5194 1,
636 5147 658 5183 0.
673 5137 747 5192 1789;
759 5147 814 5196 pars
826 5138 859 5196 11,
873 5150 895 5185 a.
909 5141 981 5196 1800;
992 5151 1048 5198 pars
1090 5135 1140 5198 jam
1152 5134 1265 5183 omnibus
1275 5133 1401 5182 literarum
1411 5129 1566 5192 antiquamm
1576 5131 1692 5180 studiosis
1703 5131 1734 5180 ad
1746 5145 1821 5182 usum
1829 5147 1872 5196 pa·

274 5203 317 5264 ttt,
332 5217 354 5252 0.
371 5207 439 5252 1881.
460 5203 569 5265 801111,
586 5207 677 5268 parsi,
693 5217 714 5253 0.
735 5209 876 5269 iton-,pars
892 5208 922 5266 ll,
935 5219 957 5253 a.
974 5209 1046 5266 18033

274 5285 331 5335 pars
344 5277 390 5334 111,
402 5288 424 5323 a.
442 5277 509 5324 1811.

1092 5208 1137 5255 tet.
1148 5209 1212 5269 Lege
1222 5204 1343 5266 Pieoolon,
1355 5201 1523 5268 supplerunt
1533 5203 1551 5251 d
1561 5199 1733 5266 i¹hnthotoglc
1741 5217 1791 5267 gr„
1803 5217 1827 5267 p.
1840 5207 1870 5253 88

1093 5279 1178 5339 seth-l
