4018 5938
594 457 756 518 lACOllSll
776 457 1060 518 PROLEGOMENA
1082 457 1282 516 unstrout.
1674 459 1730 536 xri]

155 589 235 662 pictae
254 588 365 655 aliusve
376 587 479 644 similis
494 588 591 664 operis
612 589 778 666 praestantia
801 588 836 646 ad
857 589 921 646 lau·
964 589 1024 645 haec
1037 588 1199 665 principem
1217 589 1309 645 locum
1335 601 1410 646 tenet
1435 588 1507 646 illud
1525 607 1628 664 genus,
1653 591 1732 666 quod

154 671 217 729 dem
238 671 301 748 ejus
313 673 492 749 auctorisque
508 675 634 731 excitare
657 674 779 732 debebat
788 677 845 734 '.-.ln
859 697 920 733 mo·
965 693 1060 732 rerum
1071 693 1088 730 a
1101 674 1212 751 poetica
1223 675 1393 732 tractatione
1405 675 1618 750 quodammodo
1631 675 1733 734 ablior-

153 761 299 818 mrmentis
321 773 414 818 autem
439 761 648 837 sepulcralibus
670 774 741 838 quot
764 776 792 819 et
814 777 921 840 quanta
965 761 1088 818 rentium
1101 761 1186 837 eique
1199 762 1395 834 renitentium,
1411 762 1665 819 instrumentorum
1681 784 1733 840 po·

153 848 261 904 fuerint
276 847 309 903 ad
319 847 453 904 commoti
464 849 588 924 pectoris
599 868 698 906 sensus
712 850 920 928 expromendos
965 850 1108 908 tissimum
1131 849 1227 906 omnis
1248 850 1362 923 generis
1383 851 1495 908 curiosa
1518 853 1734 907 enumeratione

152 933 355 1005 invitamenta,
380 934 451 1009 quid
471 937 571 992 attinet
589 935 700 993 dicere?
723 937 792 1004 Quae
821 938 920 994 oinnia
964 940 1128 996 continetur
1139 950 1178 1012 et,
1194 937 1262 994 licet
1281 956 1356 994 verae
1375 939 1472 1014 poesis
1495 950 1543 995 aut
1563 957 1664 1015 parum
1686 952 1733 996 aut

152 1035 222 1078 sunt
247 1021 406 1098 ejusmodi,
432 1035 463 1081 ut
486 1036 589 1100 sponte
613 1037 748 1102 appareat
775 1025 920 1102 quomodo
964 1023 1036 1082 nihil
1061 1025 1179 1095 babeat,
1204 1023 1361 1082 artificiosa
1387 1038 1478 1082 taruco
1502 1027 1732 1084 tenuissimarum

152 1111 256 1166 factum
270 1109 308 1166 sit
320 1121 352 1166 ut
365 1109 531 1187 ἐπίγραμμα,
547 1110 624 1184 quod
644 1131 661 1168 a
674 1110 751 1168 nuda
770 1115 918 1168 nominum
964 1131 1059 1170 rerum
1074 1113 1265 1190 descriptione
1279 1113 1478 1188 sermonisque
1492 1113 1527 1170 ad
1543 1114 1607 1170 illas
1623 1132 1669 1170 res
1683 1133 1731 1171 or·

152 1197 422 1253 commemoratione
432 1209 573 1273 coeperat,
587 1199 655 1254 satis
673 1209 783 1255 mature
801 1210 920 1272 angusta
964 1200 1071 1258 nandas
1086 1201 1199 1276 egregie
1225 1199 1395 1257 conformati
1417 1200 1528 1258 delectu
1549 1203 1661 1278 placere
1675 1220 1734 1278 po-

151 1283 257 1360 quibns
268 1282 469 1340 continebatur
482 1284 605 1342 claustra
620 1301 806 1360 perrumpere
825 1283 920 1356 gesti-

150 1385 193 1428 ret
206 1385 250 1440 et,
266 1371 452 1447 quantumvis
475 1371 591 1445 exiguis
614 1369 720 1427 linibus
735 1371 920 1428 circumscri-

150 1472 248 1536 ptum,
264 1459 298 1514 acl
320 1459 459 1534 poematis
474 1471 568 1514 tamen
592 1457 705 1514 laudem
730 1471 759 1514 et
782 1458 918 1516 virtutem

150 1547 319 1622 adspiraret.

178 1631 248 1688 Diu
264 1644 356 1690 tamen
379 1631 411 1688 in
427 1631 481 1688 lroc
501 1649 604 1708 genere
625 1629 738 1707 priscus
760 1631 810 1689 ille
829 1633 919 1708 color,

149 1717 246 1794 prisca
262 1718 432 1795 simplicitas
444 1718 581 1788 obtinuit,
596 1717 636 1774 ita
649 1730 679 1774 ut
693 1718 799 1794 poetici
814 1719 920 1776 coloris

149 1805 262 1862 lumina
283 1807 311 1862 ei
326 1807 442 1863 nonnisi
457 1825 645 1863 summarum
664 1805 852 1882 temperantia
866 1805 917 1862 ad-

149 1891 327 1949 hiberentur.
372 1891 463 1968 ldque
477 1911 535 1948 non
549 1910 634 1949 unam
652 1889 690 1948 ob
706 1910 830 1948 causam.
849 1893 919 1950 Loci

149 1983 226 2036 enim
242 1979 289 2036 cui
304 1979 444 2037 destinata
459 1979 571 2036 fuerant
585 1977 804 2052 epigrammata,
820 1979 895 2036 ratio
910 1998 917 2038 :

149 2066 228 2124 basis
250 2079 348 2123 statuae
371 2067 531 2140 angustior,
556 2065 635 2142 cippi
658 2083 724 2122 area
742 2083 801 2122 non
821 2065 919 2124 admo·

148 2155 217 2212 dum
233 2155 368 2230 spatiosa,
380 2173 479 2228 margo
490 2153 618 2222 donarii,
627 2151 745 2209 effusam
759 2155 918 2212 orationem

148 2241 226 2296 intra
244 2253 338 2297 arctos
358 2241 428 2296 lines
443 2237 613 2308 cohibebat3
630 2258 776 2314 quumque
797 2240 860 2316 ipsa
874 2260 919 2299 res

150 2326 311 2400 postularet
338 2338 386 2396 ut,
412 2344 469 2402 qua
490 2324 526 2381 de
540 2343 625 2382 causa
649 2325 826 2402 epigramma
847 2340 921 2384 esset

148 2413 294 2486 additum,
308 2413 370 2470 sine
386 2432 465 2469 mora
480 2412 700 2486 intelligeretur,
714 2433 778 2470 cum
800 2414 854 2470 lroc
874 2416 919 2492 ip-

148 2519 224 2573 sum,
242 2513 302 2557 tum
315 2501 362 2577 pia
380 2499 493 2557 donarii
509 2511 558 2556 aut
577 2501 754 2558 monumenti
771 2502 919 2578 epigram-

150 2599 223 2642 mate
239 2587 363 2644 ornandi
377 2587 529 2644 destinatio
544 2599 572 2642 et
584 2585 754 2644 brevitatem
775 2608 919 2646 commen-

148 2672 235 2732 dabat
246 2687 275 2729 et
290 2673 475 2731 ambitiosum
495 2685 639 2744 ornatum,
662 2687 693 2730 ut
707 2694 722 2730 a
736 2693 768 2730 re
782 2675 919 2746 alienum,

148 2759 334 2837 praecidebat.
364 2765 467 2817 Verum
492 2779 527 2817 ex
550 2749 752 2836 antiquissimo
778 2761 833 2818 hoc
856 2763 919 2840 epi-

147 2861 338 2922 grammatum
368 2865 488 2921 genere,
515 2847 594 2921 quod
622 2859 711 2904 totum
735 2848 876 2924 pendebat
903 2869 919 2906 a

151 2934 240 2994 rebus
255 2953 321 3010 quae
343 2935 369 2991 ei
383 2935 525 3008 originem
541 2952 712 3010 causamque
727 2934 918 3011 prebuerant,

149 3023 300 3099 aliquanto
315 3035 379 3098 post
391 3021 470 3079 aliud
484 3035 526 3078 est
537 3033 671 3078 'exortum
687 3041 787 3095 genus,
803 3023 921 3080 matoria

149 3111 222 3167 illud
235 3129 252 3166 a
267 3109 365 3186 priore
379 3129 437 3166 non
451 3108 616 3178 diversum,
632 3109 808 3166 formahaud
821 3110 920 3186 paullo

147 3197 278 3254 liberius.
295 3195 455 3272 Coeperunt
466 3195 542 3252 enim
558 3196 691 3252 nonnulli
706 3195 741 3252 ad
761 3196 919 3273 priscarum

149 3284 265 3340 illarum
288 3283 508 3358 inscriptionum
533 3281 751 3339 similitudinem
775 3283 920 3360 epigram-

148 3384 223 3426 mata
240 3369 386 3439 scribere,
407 3389 464 3426 non
484 3369 539 3426 hoc
558 3369 681 3426 consilio
702 3382 734 3426 ut
754 3369 919 3443 ἀναθήμασιν

148 3476 181 3514 ea
196 3470 246 3514 aut
257 3457 452 3514 monumentis
466 3467 514 3513 aut
527 3457 597 3513 artis
611 3455 747 3532 operibus
760 3475 919 3514 accommo-

148 3545 268 3614 darent,
284 3544 332 3602 sed
344 3557 374 3600 ut
386 3547 417 3600 in
431 3543 481 3599 tali
495 3555 681 3617 argumento,
696 3543 773 3619 quod
788 3543 919 3620 ipsorum

149 3633 262 3688 animos
276 3631 311 3687 ad
332 3651 360 3688 se
380 3629 567 3700 advertisset,
583 3630 710 3688 suaviter
730 3643 757 3687 et
776 3631 921 3706 ingeniose

150 3719 293 3776 luderent.
319 3717 352 3774 ln
373 3717 515 3794 ejusmodi
540 3717 653 3775 lusibus
677 3718 762 3775 sicuti
783 3719 920 3795 princeps

149 3820 178 3863 et
191 3807 317 3881 genuina
335 3805 548 3884 epigrammatis
572 3805 664 3861 forma
687 3807 796 3864 servari
810 3805 919 3879 debuit,

149 3895 193 3951 sic
207 3914 224 3950 a
237 3895 336 3974 prisco
350 3905 378 3950 et
391 3892 516 3966 simplici
528 3893 667 3950 orationis
677 3911 778 3966 genere
792 3913 922 3952 necessa·

149 3983 195 4038 rio
211 3979 401 4040 recedendum
416 3980 481 4038 fuit.
515 3980 547 4036 ln
559 3980 666 4039 talibus
678 3981 766 4054 igitur
779 3982 921 4058 epigram·

75 4111 77 4114 -
150 4069 236 4124 oratis
250 4087 339 4144 quum
353 4066 471 4124 uberior
491 4067 532 4124 rei
555 4069 709 4143 expositio,
732 4070 859 4126 narratio
871 4089 919 4126 ex-

148 4156 297 4229 plicatior,
312 4157 405 4212 oratio
419 4153 550 4210 floridior
565 4153 659 4211 locum
678 4153 806 4226 haberet,
827 4169 920 4212 ortum

148 4259 192 4302 est
206 4243 280 4301 illud
295 4261 385 4318 genus
397 4241 490 4318 quod,
505 4261 593 4318 quum
616 4243 811 4315 ἀναθηματικὸν
835 4239 923 4301 velle't

148 4331 259 4399 videri,
278 4349 381 4388 revera
392 4329 562 4388 ἐπιδεικτικὸν
578 4329 644 4388 fuit.
661 4330 735 4388 Huic
749 4332 859 4405 generi,
875 4332 922 4390 cui

144 4416 206 4492 jam
222 4415 389 4473 Simonides
402 4415 516 4472 videtur
538 4416 715 4492 praelusisse,
732 4417 852 4494 plurimi
871 4437 921 4475 na·

146 4515 255 4560 varunt
267 4521 395 4579 operam.
426 4501 462 4559 Et
473 4521 561 4578 quum
577 4515 642 4580 post
655 4504 810 4561 Alexandri
824 4504 920 4580 Magni

147 4590 316 4678 imperium,
341 4589 427 4647 rebus
440 4609 492 4667 per
507 4602 592 4646 totam
614 4589 754 4646 Graeciam
768 4590 922 4648 vehemen-

150 4689 193 4733 ter
215 4676 392 4744 immutatis,
419 4676 515 4752 poesis
531 4695 646 4752 quoque
668 4695 770 4732 novam
786 4679 922 4752 quodam-

963 1299 1025 1346 tesi.

1001 1371 1065 1430 lam
1081 1391 1150 1430 vero
1165 1371 1233 1430 huic
1243 1392 1363 1450 poeseos
1373 1373 1470 1447 generi
1480 1377 1613 1448 paradius
1623 1387 1734 1432 mature

964 1461 1127 1535 adussisse,
1139 1471 1167 1517 et
1182 1460 1240 1517 fere
1249 1461 1334 1518 simul
1357 1480 1421 1517 cum
1432 1479 1466 1516 eo
1478 1473 1556 1517 nutas
1567 1479 1637 1532 esse,
1649 1481 1734 1520 nemo

964 1545 1118 1604 mirabitur
1151 1543 1202 1622 qui
1226 1545 1394 1604 Graecorum
1426 1545 1573 1620 ingenium
1602 1549 1733 1615 noverit,

965 1652 1105 1708 quorum,
1135 1645 1167 1690 ut
1191 1633 1343 1690 verissime
1374 1631 1541 1690 observavit
1565 1633 1733 1692 Welclrerus

965 1717 1013 1796 (iu
1053 1717 1175 1776 eruditis
1215 1718 1251 1774 ad
1282 1717 1477 1792 Theognidem
1517 1717 1734 1793 Prolegomenis

964 1825 993 1881 p.
1011 1803 1139 1879 LXXX),
1172 1805 1308 1862 universa
1326 1805 1387 1861 vita
1406 1823 1611 1880 sermonesque
1635 1825 1734 1864 omncs

964 1891 1154 1967 atqueoionia
1166 1891 1302 1948 convivia
1316 1891 1501 1968 parodiarum
1517 1891 1629 1950 lusibus
1642 1895 1733 1949 abun·

963 1977 1080 2036 dabant.
1099 1978 1173 2034 llinc
1186 1991 1317 2034 exortum
1328 1991 1371 2036 est
1390 1997 1479 2052 genus
1493 1979 1731 2054 epigrammatum

964 2070 1128 2137 σκωπτικῶν,
1142 2065 1221 2142 quod
1236 2066 1345 2124 seriore
1359 2085 1438 2136 aevo,
1454 2085 1627 2143 quamquam
1648 2069 1732 2126 etiam

964 2155 1140 2230 antiquitus,
1154 2153 1202 2210 sed
1218 2153 1327 2210 seriore
1342 2153 1476 2230 inprimis
1492 2173 1570 2228 aevo,
1591 2155 1611 2214 i.
1626 2173 1652 2214 e.
1666 2169 1733 2232 post

963 2261 1050 2299 aarum
1068 2241 1264 2312 christianam,
1276 2241 1316 2297 ita
1329 2240 1536 2316 frequentatum
1551 2255 1636 2318 atque
1650 2262 1732 2300 exor-

965 2341 1062 2384 natum
1082 2341 1134 2398 est,
1159 2341 1191 2384 ut
1211 2339 1240 2384 et
1259 2325 1328 2384 olim
1351 2339 1378 2383 et
1401 2326 1488 2384 hodie
1510 2347 1626 2404 quoque
1650 2330 1735 2404 longe

964 2413 1098 2490 plurimi,
1117 2433 1206 2490 quum
1232 2413 1445 2490 epigrammatis
1471 2415 1644 2472 mentionem
1671 2415 1735 2474 lieri

963 2501 1097 2572 videant,
1120 2501 1257 2558 continuo
1278 2499 1389 2576 aliquid
1403 2499 1480 2576 quod
1498 2499 1587 2558 risum
1603 2513 1731 2574 moveat,

964 2590 1037 2647 sales
1050 2602 1078 2646 et
1092 2588 1229 2656 dicteria,
1243 2586 1300 2644 sibi
1316 2587 1413 2644 animo
1429 2586 1548 2660 fingant.

1003 2675 1052 2734 Est
1066 2689 1158 2732 autem
1170 2673 1249 2732 aliud
1262 2679 1401 2750 preterea
1415 2691 1522 2746 genus,
1537 2692 1553 2729 a
1568 2673 1735 2749 praeceden-

964 2761 1043 2822 tibus
1056 2763 1223 2832 diversum,
1236 2763 1287 2818 sed
1301 2779 1318 2816 a
1334 2758 1482 2816 veteribus
1496 2758 1624 2817 studiose
1637 2761 1735 2818 excul-

965 2863 1044 2920 tum,
1060 2849 1138 2925 quod
1158 2847 1285 2904 medium
1304 2845 1519 2922 quodammodo
1533 2857 1576 2902 est
1594 2845 1671 2904 inter
1683 2847 1736 2904 ele·

965 2935 1040 3012 giam
1056 2947 1084 2992 et
1104 2937 1282 3012 epigramma
1305 2929 1495 3001 ἐπιδεικτικόν,
1516 2931 1614 3006 elegiae
1640 2945 1734 2991 tamen

965 3023 1133 3100 plerumque
1154 3021 1290 3079 vicinius.
1305 3018 1551 3088 Quemadmodum
1566 3020 1642 3076 enim
1658 3021 1734 3080 inter

964 3110 1128 3180 breviores,
1141 3122 1173 3166 ut
1182 3109 1236 3166 hoc
1248 3121 1322 3179 utar,
1335 3107 1592 3184 Propertiielegias
1604 3109 1731 3183 (quadam

965 3197 1150 3274 reperiuntur
1171 3215 1235 3272 quae
1256 3193 1294 3252 ob
1309 3207 1393 3250 totam
1408 3193 1587 3268 singularum
1610 3196 1734 3270 partium

965 3284 1239 3353 conformationem,
1272 3294 1300 3340 et
1329 3281 1464 3358 inprimis
1496 3279 1534 3337 ob
1562 3281 1735 3338 viridiorem

965 3373 1072 3429 exitum
1089 3371 1171 3428 facile
1182 3369 1396 3445 epigrammatis
1406 3369 1590 3424 annumerari
1606 3369 1734 3443 possint,

965 3460 1003 3514 ita
1018 3458 1094 3514 inter
1111 3456 1257 3530 poematia
1279 3475 1343 3530 quae
1365 3454 1396 3510 in
1417 3453 1579 3528 Florilegiis
1594 3453 1737 3530 epigram-

965 3557 1072 3601 matum
1085 3544 1232 3620 leguntur,
1246 3541 1387 3600 amatoria
1404 3541 1554 3618 inprimis,
1570 3543 1735 3599 convivalia

965 3643 994 3688 et
1013 3631 1201 3700 sententiosa,
1225 3627 1301 3686 haud
1322 3648 1411 3706 pauca
1431 3625 1572 3684 habentur
1593 3646 1657 3702 quae
1680 3649 1735 3704 pro

965 3719 1064 3792 elegiis
1086 3717 1192 3774 habere
1211 3729 1240 3773 et
1262 3736 1326 3772 cum
1352 3713 1514 3770 Mimnermi
1537 3713 1660 3788 alicujus
1685 3731 1733 3772 aut

965 3803 1081 3861 Solonis
1102 3815 1130 3860 et
1145 3801 1327 3874 Theognidis
1350 3797 1469 3875 ἐλεγείοις
1487 3799 1637 3856 commode
1658 3821 1733 3857 con-

962 3889 1085 3966 jungere
1098 3889 1202 3965 possis.
1248 3889 1281 3944 tlt
1293 3885 1380 3962 hujus
1393 3885 1508 3960 quidem
1521 3889 1634 3960 generis
1649 3887 1734 3962 louge

966 3979 1109 4034 maximus
1122 3995 1158 4032 cx
1175 3976 1254 4032 omni
1271 3974 1329 4030 sere
1343 3987 1423 4030 aetate
1437 3993 1573 4030 numerus
1589 3974 1623 4030 ad
1639 3988 1738 4034 nostra

967 4065 1105 4142 temporis
1119 4075 1248 4120 servatus
1271 4075 1328 4133 est3
1350 4063 1381 4119 in
1402 4082 1460 4138 quo
1481 4061 1606 4138 plurima
1620 4075 1687 4120 sunt
1708 4077 1758 4122 et·

968 4150 1148 4210 inventionis
1171 4148 1255 4206 laude
1276 4153 1448 4226 conspicua,
1471 4161 1499 4205 et
1520 4149 1659 4206 orationis
1679 4151 1738 4207 ele-

968 4240 1065 4314 gantia
1080 4237 1331 4316 prestantissima,
1354 4238 1462 4314 quibus
1480 4235 1593 4312 jactura
1607 4256 1692 4312 quam
1706 4242 1736 4296 io

967 4329 1103 4404 elegiacis
1126 4326 1229 4403 optimi
1253 4327 1308 4384 aevi
1331 4327 1424 4404 poetis
1447 4328 1580 4396 fecimus,
1595 4326 1735 4401 quodam-

968 4416 1053 4474 modo
1062 4415 1225 4485 resarcitur,
1235 4413 1322 4488 idque
1329 4433 1364 4471 eo
1375 4414 1473 4490 magis,
1485 4433 1542 4489 quo
1551 4413 1739 4474 verisimilius

967 4516 1009 4562 est
1021 4503 1096 4560 liaud
1112 4520 1202 4580 panca
1217 4502 1248 4558 in
1267 4500 1304 4558 iis
1317 4519 1353 4556 ex
1370 4498 1582 4576 limpidissimis
1598 4501 1736 4558 vetustio-

968 4609 1031 4646 rum
1047 4590 1239 4664 elegiacorum
1263 4585 1393 4644 fontibus
1414 4587 1535 4644 deducta
1558 4599 1586 4643 et
1610 4585 1739 4646 derivata

967 4695 1039 4734 esse.

149 4763 237 4821 modo
251 4764 377 4840 speciem
393 4781 559 4838 novumque
573 4764 679 4820 cultum
692 4765 872 4840 sumpsisset,
891 4765 920 4821 in
1009 4762 1072 4820 lam
1087 4761 1286 4840 reputantibus
1301 4759 1385 4819 nobis
1406 4774 1512 4838 quanta
1529 4761 1614 4819 fuerit
1626 4782 1678 4839 per
1694 4775 1736 4819 to·

149 4869 208 4926 quo
219 4850 416 4928 simplicitatis
428 4849 555 4926 quaedam
566 4851 708 4907 affectatio
723 4871 786 4907 cum
801 4871 923 4928 operosa
969 4863 1025 4908 tam
1042 4849 1182 4908 Graeciam
1194 4849 1231 4906 ab
1245 4849 1446 4926 antiquissima
1456 4861 1538 4906 astate
1550 4847 1735 4925 publicorum

149 4937 318 4995 eruditione
332 4935 484 5012 conjuncta
499 4949 572 5006 erat,
595 4937 634 4994 ita
655 4950 686 4994 ut
700 4939 784 4996 multi
810 4940 923 4998 curiose
968 4939 1207 5014 privatorumque
1226 4939 1319 4994 omnis
1347 4937 1461 5011 generis
1484 4949 1736 4992 monumentorum

150 5025 268 5081 mallent
289 5023 370 5099 loqui
384 5043 468 5098 qnam
492 5022 579 5093 bene,
594 5038 745 5099 coeperunt
757 5023 845 5082 scribi
862 5027 923 5104 epi·
969 5026 1061 5102 copia,
1073 5024 1202 5101 equibus
1213 5025 1339 5101 plurima
1350 5021 1590 5101 inscriptionibus
1601 5023 1739 5079 instructa

150 5123 310 5184 grammata
330 5129 396 5186 quae
422 5111 502 5167 nulla
530 5131 561 5167 rc
590 5111 680 5185 magis
703 5131 788 5188 quam
810 5127 870 5170 arte
897 5126 925 5170 et
969 5113 1058 5169 fuisse
1079 5124 1207 5178 constat,
1235 5109 1363 5168 dubitari
1387 5131 1444 5166 non
1468 5121 1562 5184 potest
1586 5126 1738 5164 oirinerum

149 5199 284 5256 doctrina
296 5197 429 5274 conspici
450 5211 477 5254 et
489 5196 682 5256 cornurendari
699 5197 813 5256 vellent.
844 5199 923 5258 luter
971 5199 1207 5276 epigrammatum
1222 5197 1352 5257 versibus
1361 5209 1564 5274 conceptorum
1581 5215 1638 5252 non
1654 5195 1739 5254 fuisse
