3916 5930
1087 211 1101 244 θ

242 439 299 496 att
800 439 1051 500 ANTHOLOGIAE
1074 437 1272 498 rotaticus

346 576 413 626 tot.
437 568 602 628 ΑΓΑΘΙΟΥ
621 571 904 631 uiolentior.

1216 582 1269 630 τοι.
1287 579 1433 628 acarnrn
1449 577 1663 636 sosonssrtcn
1749 612 1751 618 .

241 705 337 765 Οθκέτι
358 729 417 779 που,
432 710 547 782 τλῆμον,
561 708 694 768 σκοπελων
713 711 889 790 μετανέστρια
903 709 1007 790 πέρδιξ,
1052 723 1105 770 Non
1116 719 1220 784 amplius
1229 679 1341 780 'infelix'
1355 717 1508 782 aoopulomm
1520 717 1588 768 ersul
1597 717 1695 782 perdix,

280 795 389 862 πλεκτθς
401 795 554 860 λεπταλέαις
565 786 635 862 οἶκοί
645 797 699 874 ἔχει
710 820 739 856 σε
750 798 852 878 λόγοις,

241 881 294 936 οὐδ’
306 881 356 950 ὑπὸ
368 885 526 961 μαρμαρυγῇ
539 885 711 961 θαλερόιπιδος
724 883 883 962 Ἦριγενείης

280 967 346 1043 ἄκρα
357 967 540 1044 παραιθύσσιις
554 970 720 1047 θαλπομένων
732 973 877 1053 πτερύγων.

240 1054 295 1122 Σὴν
310 1053 423 1132 κεφαλὴν
438 1057 556 1136 αἴλουρος
570 1057 704 1134 θπέθρισε,
717 1059 800 1120 τᾶλλα
815 1059 843 1116 δέ
864 1059 949 1119 πάντα

277 1138 383 1217 ἥρπασα
394 1185 401 1218 ,
413 1141 457 1198 καλ
469 1141 592 1220 φθονεριλν
601 1145 646 1202 οθκ
655 1143 774 1224 έκόρεσστ
784 1146 869 1224 γένυν.

170 1218 173 1226 ’
239 1229 293 1287 Νῦν
308 1227 335 1283 δέ
347 1250 375 1285 σε
388 1228 425 1302 μὴ
437 1229 519 1308 κούφη
534 1231 642 1306 κρύπτοι
656 1229 740 1306 κόνις,
754 1233 821 1292 ἀλλὰ
834 1238 941 1316 βαρεῖα,

278 1313 315 1390 μὴ
325 1314 355 1373 τὸ
365 1315 422 1372 τεὸν
436 1315 508 1385 κείνη
521 1315 640 1394 λείψανον
655 1316 770 1397 έξερόσῃ.

491 1459 555 1510 205.
575 1463 632 1508 Tor
649 1463 753 1511 mot.

236 1580 378 1658 Οἰκογενῆς
390 1583 507 1663 αἴλουρος
517 1584 582 1658 ἐμὴν
591 1584 701 1664 πέρδικα
712 1593 828 1666 φαγοῦσα

277 1666 350 1735 ζώειν
362 1669 495 1747 ἡμετέροις
512 1671 619 1730 ἔλπεται
630 1676 656 1732 έν
670 1671 805 1751 μεγέροις;

237 1752 277 1813 Οὔ
290 1779 333 1828 σε,
344 1756 405 1834 φίλη
422 1755 525 1837 πέρδιξ,
536 1759 659 1837 ρθιμένην
672 1759 813 1839 ἀγέραστον
828 1759 914 1834 ίιέσω,

278 1843 335 1901 ἀλλ’
353 1845 396 1901 ἐπὶ
411 1843 450 1902 σοί
460 1845 552 1904 κτείνω
562 1846 610 1916 τὴν
624 1845 696 1906 σέθεν
706 1847 834 1920 ἀντιθέην.

240 1929 323 2008 Ψυχὴ
337 1929 387 2008 γθιρ
402 1930 446 1989 σέο
462 1934 562 2008 μᾶλλον
576 1931 702 2010 θρίνεται,
719 1933 802 1992 εἰσόκε
818 1935 881 2015 ῥέξω

275 2017 332 2074 όσσ’
347 2018 387 2078 ἐπ’
404 2018 540 2099 Ἀχιλλῆος
552 2021 655 2102 Πύρρος
668 2021 751 2090 έτευξε
766 2022 849 2103 τάφῳ.

432 2167 501 2219 ²06.
528 2161 808 2222 ΔΑΜΟΧΑΡΙΔΟΣ.

234 2292 405 2373 Ἀνδροόόρων
417 2295 540 2376 δμότεχνε
553 2301 651 2374 κυνῶν,
662 2299 765 2378 αίλουρε
779 2301 905 2378 κακίστη,

272 2385 323 2438 τῶν
338 2381 517 2442 Ἀκταιονίδων
532 2387 588 2444 loci
599 2385 646 2461 μία
661 2387 807 2449 σκυλάκων.

236 2467 366 2546 Κτήτσρος
379 2469 501 2548 Ἀγαθίαο
512 2477 570 2530 τεοῦ
583 2473 692 2550 πέρδικα
707 2480 837 2553 φαγοῦσα,

274 2557 376 2626 λυπεῖς,
386 2559 421 2622 ὡς
435 2560 511 2616 αὐτόν
524 2559 637 2638 κτήτορα
651 2562 812 2636 δασσαμένη.

234 2645 289 2704 Καὶ
305 2645 336 2701 σὺ
352 2645 399 2720 μὲν
414 2649 440 2704 ἐν
451 2647 563 2726 πέρδιξιν
576 2649 643 2726 ἔχεις
656 2649 725 2707 νόον·
739 2653 761 2708 oi
773 2649 801 2708 δέ
815 2649 878 2722 μύες
886 2655 930 2709 νῦν

275 2735 423 2812 ὀρχοῦνται,
435 2737 481 2804 τῆς
495 2739 541 2806 σῆς
552 2722 706 2814 δραξάμενοι
720 2738 862 2809 σπατόλης.

454 2883 519 2933 207.
543 2875 783 2940 Munnttpot.

1082 809 1150 858 texts
1164 805 1276 857 enabat
1289 805 1377 856 domus
1392 805 1497 854 habette
1513 804 1656 865 viminibus,

1052 907 1130 956 neque
1146 893 1192 942 sub
1207 893 1333 956 splendore
1347 891 1603 956 splendescentlelacie
1614 896 1711 942 Aurorae

1081 981 1190 1028 extrema
1202 978 1283 1027 vibras
1297 977 1469 1028 calescenlium
1482 976 1583 1028 alamur.

1050 1068 1129 1115 Tuum
1142 1067 1215 1128 caput
1230 1065 1289 1115 icles
1303 1064 1448 1125 demessuit,
1462 1067 1542 1115 cetera
1552 1078 1610 1114 vero
1620 1065 1701 1114 omnia

1081 1151 1170 1216 cripui,
1183 1153 1209 1201 et
1220 1151 1268 1201 itta
1280 1151 1386 1201 invidam
1400 1165 1448 1200 non
1462 1151 1558 1202 sedarit
1567 1151 1735 1202 mandibulam.

1051 1241 1120 1290 llunc
1132 1241 1214 1288 autem
1230 1241 1255 1288 tc
1268 1252 1316 1287 non
1328 1238 1390 1288 levis
1405 1239 1471 1301 teget
1484 1237 1577 1302 pulsia,
1591 1238 1636 1289 sed
1649 1239 1743 1303 pana,

1081 1341 1111 1378 no
1124 1331 1180 1379 tuos
1191 1327 1232 1378 illa
1248 1326 1360 1389 reliquias
1368 1326 1476 1376 ellodiat.

1321 1475 1374 1520 205.
1396 1477 1544 1519 musonii.

1051 1603 1187 1654 Domestica
1197 1603 1256 1653 leles
1267 1615 1347 1652 meam
1358 1602 1479 1666 perdicem
1490 1616 1579 1666 pransa

1080 1691 1162 1740 rirero
1175 1690 1264 1740 nostris
1275 1692 1355 1752 sperat
1365 1689 1391 1738 in
1402 1689 1513 1739 edibus?

1049 1781 1100 1828 lion
1111 1781 1151 1838 te,
1165 1791 1220 1828 mea
1232 1775 1330 1841 perdis,
1340 1779 1461 1826 mortuam
1475 1777 1642 1826 inhonoratam
1654 1777 1741 1840 sinam,

1080 1865 1122 1915 sed
1134 1867 1232 1928 propter
1246 1867 1271 1914 te
1278 1865 1339 1926 jorn
1352 1863 1435 1912 occido
1451 1866 1520 1913 toanr
1533 1863 1665 1914 inimicam.

1052 1951 1136 2002 Anima
1151 1951 1216 2002 οιιίιιι
1229 1953 1272 2000 tua
1283 1949 1359 2014 magia
1369 1953 1543 2012 commoretur,
1557 1950 1634 2002 donec
1648 1953 1733 2024 fecero,

1079 2037 1195 2102 quidquid
1204 2051 1277 2102 super
1287 2037 1386 2088 Achillis
1396 2037 1503 2100 Pyrrhus
1511 2037 1567 2088 lecit
1578 2039 1696 2103 sepulcro.
1741 2029 1742 2034 '

1277 2184 1330 2228 200.
1349 2179 1589 2228 bellocffltttuls.

1048 2317 1209 2368 llominiroria
1228 2317 1542 2368 eandemartem-esercens
1559 2317 1673 2379 canibus,
1687 2317 1743 2367 seles
1759 2331 1805 2380 pes·

1077 2407 1354 2456 scmonearomeauna
1365 2406 1510 2456 catulorum.
1725 2404 1803 2468 [tirno

1048 2493 1104 2542 llcrl
1116 2493 1224 2557 lgalbiaa
1236 2493 1273 2543 tui
1292 2492 1413 2556 perdicem
1427 2505 1529 2556 pransa,

1077 2580 1250 2631 dolore-albois
1261 2581 1375 2642 unquam
1387 2579 1466 2642 ipsum
1481 2579 1567 2628 bemm
1581 2579 1779 2642 sidiscerpaisses.

1047 2670 1077 2716 nt
1088 2669 1116 2717 tu
1129 2667 1226 2730 quidem
1237 2667 1262 2716 io
1276 2666 1411 2730 perdicibus
1422 2667 1529 2717 animum
1542 2665 1617 2717 babes
1628 2688 1634 2716 :
1646 2681 1727 2717 mures
1735 2669 1805 2716 autom

1076 2753 1176 2814 saltant,
1189 2756 1244 2803 toas
1257 2753 1376 2818 rapientes
1387 2751 1492 2802 delicias.
1737 2751 1805 2816 [nono

1230 2872 1234 2879 '
1315 2895 1368 2942 ror.
1385 2893 1549 2942 mousom.

234 3015 288 3075 Τὸν
303 3015 456 3094 ταχύπουν,
469 3017 508 3075 ἔτι
519 3021 601 3078 παῖδα
613 3020 825 3100 συναρπασθέντα
839 3023 963 3095 τεκούσης
1045 3028 1224 3092 Velocipcdeor,
1236 3027 1315 3079 odhuc
1328 3043 1430 3092 puerum
1445 3031 1541 3093 captum
1556 3030 1767 3094 ejusque-genuit

274 3103 333 3181 ἄρτι
347 3103 374 3179 μ’
388 3104 440 3164 cirri
453 3105 581 3185 στέρνων,
600 3108 737 3166 οὐατόεντα
748 3108 835 3186 λαγὼν

235 3191 261 3246 έν
275 3190 380 3258 κόλποις
394 3191 536 3270 στέργουσα
554 3194 682 3272 διέτρεφεν
696 3195 713 3252 ἁ
727 3195 904 3275 γλυκερόχρως

207 3307 213 3338 ι
272 3279 386 3349 Φανίου,
402 3282 520 3358 εἰαρινοῖς
534 3281 620 3340 ἄνθεσι
636 3282 803 3357 βοσκόμενον.

1075 3129 1152 3179 nuper
1162 3128 1201 3166 me
1213 3116 1243 3166 ab
1258 3115 1385 3178 uberibus,
1398 3116 1503 3166 auritum
1515 3117 1633 3179 leporem,

1044 3203 1069 3250 in
1082 3202 1136 3251 eirru
1149 3201 1250 3266 diligens
1262 3203 1363 3252 nutrivit
1377 3203 1642 3268 tenero-ruteinsignis

1076 3292 1207 3352 Phanium,
1217 3293 1299 3342 varnis
1310 3293 1408 3342 iloribus
1420 3295 1528 3356 pastum.

233 3364 302 3424 Οθδέ
316 3389 348 3440 με
363 3368 459 3444 μητρὸς
473 3367 508 3424 ἔτ’
524 3359 577 3448 εἶχε
593 3369 681 3434 πόθος·
696 3367 800 3438 θνήσκω
814 3368 837 3426 δ’
850 3369 899 3428 ὑπὸ
918 3368 1002 3440 θοίνης
1044 3382 1126 3442 Neque
1137 3393 1176 3430 me
1191 3380 1276 3430 matris
1286 3381 1391 3444 amplius
1402 3381 1480 3430 tenuit
1495 3359 1655 3438 desiderium
1671 3379 1802 3429 moriorao·

273 3451 421 3524 ἀπλήστου,
433 3454 517 3528 πολλῇ
535 3453 604 3510 δαιτὶ
618 3453 804 3533 παχυνόμενος.

454 3671 511 3718 aot.
527 3679 638 3712 conrasas
650 3681 780 3727 οειιτοιιιε,

544 3789 573 3838 de
578 3789 683 3858 perdice.

231 3931 341 3994 Nonjant
351 3939 388 3994 te,
399 3931 478 3996 rigidis
489 3933 572 3998 perdix
581 3951 594 3983 e
604 3935 711 3986 cautibus
729 3939 795 3994 exul,

264 4015 337 4060 Parra
349 4021 414 4062 tenet
427 4013 491 4062 leuto
505 4015 591 4064 vimine
603 4016 662 4066 iacta
673 4019 756 4068 domus
770 4035 776 4069 :

231 4093 281 4139 Nec
295 4107 349 4139 cum
363 4109 388 4140 se
402 4094 465 4143 tollit
479 4096 655 4147 rescissorum
670 4099 802 4164 quadrigis,

263 4171 370 4221 AEtlrerio
382 4189 470 4238 pennas
480 4175 527 4224 iola
540 4177 619 4227 colore
632 4180 718 4243 quatis.

231 4253 292 4302 Felis
302 4253 364 4302 enim
375 4255 475 4305 nitidum
489 4267 560 4323 capnt
574 4259 673 4310 abscidit
689 4279 695 4312 :
711 4261 823 4312 exsatiata

263 4337 317 4385 Non
332 4336 375 4386 luit
391 4353 397 4388 :
413 4339 500 4404 eripuit
514 4349 597 4392 cetera
611 4354 690 4394 nostre
703 4361 793 4396 mauors.

229 4418 284 4464 Non
300 4416 357 4465 ieris
370 4427 397 4468 ut
409 4419 439 4468 sit
451 4419 549 4483 bamus,
559 4425 599 4472 sed
610 4423 640 4473 sit
649 4425 736 4488 pravis.
747 4442 802 4491 ergo
812 4443 944 4492 precemur,

263 4499 301 4546 Ne
313 4512 367 4547 mox
379 4499 500 4566 relliquias
513 4513 581 4553 eruat
596 4505 636 4554 illa
650 4515 711 4557 tuas.

519 4647 576 4698 οοό,
593 4665 712 4710 υοεαιιε,

553 4772 582 4822 de
593 4773 660 4822 eudes

227 4905 308 4952 Verria
321 4904 414 4970 quidem
429 4906 493 4970 ielis,
503 4923 542 4958 rea
555 4911 595 4959 secl
610 4912 703 4976 perdice
715 4915 852 4981 perempti,

259 4989 343 5052 Sperat
352 4988 430 5038 adhue
438 4999 519 5040 nostro
530 4992 609 5042 virere
621 5011 687 5060 posse
697 4997 755 5047 lace.

227 5071 323 5137 Optima
334 5073 375 5122 scd
388 5091 436 5124 non
448 5085 472 5124 te
481 5077 561 5142 perdis
575 5079 692 5144 patiemur
700 5082 813 5146 intritam

260 5153 307 5204 lbit
318 5155 343 5206 in
351 5155 446 5209 inferias
455 5159 496 5210 ills
505 5172 601 5212 cruenta
612 5173 670 5216 tuas.

1076 3467 1217 3528 immodica,
1227 3467 1310 3517 multis
1321 3467 1401 3531 epulta
1410 3467 1540 3530 saginatus.
1650 3467 1713 3530 [tem
1728 3465 1803 3527 adape

1045 3628 1120 3674 iratos
1129 3627 1211 3673 Manes
1221 3639 1310 3680 vereor.
1323 3625 1347 3673 ni
1363 3624 1454 3681 iecero,
1468 3625 1539 3690 quale

1078 3707 1141 3757 Fecit
1152 3707 1181 3756 sd
1189 3707 1289 3756 AEocidre
1300 3707 1368 3756 busta
1378 3708 1555 3773 Neoptolemus.

1209 3825 1264 3872 συθ.
1283 3839 1459 3874 ιιιιιοοιιπιιιιε
1473 3842 1644 3890 oaamrrcr,

1363 3927 1392 3978 de
1406 3927 1496 3980 eodem.

1044 4035 1151 4100 Depastis
1159 4033 1267 4086 homines
1276 4036 1373 4086 canillas
1384 4053 1427 4102 par
1437 4037 1534 4102 pessima
1546 4037 1611 4102 ielis,

1076 4119 1111 4164 Ex
1123 4117 1243 4165 Actaeonio
1253 4127 1277 4165 te
1286 4133 1340 4166 reor
1348 4133 1397 4166 esse
1406 4133 1483 4182 grege.

1044 4197 1149 4261 Agatlrire
1161 4198 1243 4263 perdis
1252 4199 1341 4248 domini
1351 4199 1395 4248 tibi
1408 4216 1510 4265 namque
1522 4212 1602 4251 rorata
1615 4212 1666 4252 est:

1076 4283 1126 4330 Nec
1137 4281 1213 4328 minus
1221 4280 1279 4338 boc,
1291 4282 1411 4330 dominum
1421 4299 1491 4348 quant
1504 4284 1617 4333 lacerasse
1626 4284 1677 4334 tuit.

1044 4361 1151 4411 Perdices
1161 4371 1247 4427 preater
1256 4363 1299 4412 tibi
1309 4365 1343 4414 nil
1354 4363 1427 4430 sapit;
1438 4375 1462 4414 at
1471 4367 1522 4414 lere
1531 4382 1610 4415 mures

1075 4451 1145 4500 Nunc
1153 4451 1240 4499 saliunt
1249 4459 1274 4500 et
1285 4451 1358 4500 edunt
1367 4452 1464 4518 prandia
1474 4453 1536 4502 dicto
1546 4453 1601 4505 tibi.

1321 4574 1378 4620 συγ.
1393 4575 1529 4623 nestsear,

1361 4657 1391 4706 de
1399 4657 1486 4724 lepore.

1042 4761 1154 4812 Velocem
1162 4769 1245 4813 tenero
1253 4764 1357 4832 leporem
1367 4767 1441 4832 pede,
1451 4767 1492 4832 qui
1501 4767 1570 4817 modo
1580 4767 1681 4833 primunr

1074 4847 1164 4910 Raptus
1172 4845 1203 4895 ab
1214 4848 1296 4897 aurite
1307 4858 1402 4914 pectore
1411 4849 1492 4898 matris
1503 4865 1581 4912 eram,

1042 4929 1094 4989 Ipsa
1105 4941 1148 4974 suo
1160 4943 1237 4992 nuper
1245 4928 1333 4992 ρτσιαίο
1342 4929 1502 4995 pulcherrima
1513 4929 1571 4980 lovis

1075 5007 1195 5070 Phanion,
1206 5019 1229 5059 et
1244 5027 1317 5060 verno
1329 5011 1407 5060 rivere
1418 5011 1477 5061 tiore
1489 5012 1561 5062 dedit.

1042 5089 1137 5139 Oblitus
1145 5091 1193 5156 jam
1203 5094 1284 5142 matris
1295 5109 1359 5142 eram
1365 5131 1373 5159 ,
1383 5093 1423 5143 sed
1432 5094 1500 5159 copia
1511 5094 1586 5144 rictus

1073 5173 1114 5220 ille
1126 5181 1206 5230 necat,
1218 5181 1242 5221 et
1254 5175 1325 5224 nimia
1336 5175 1423 5224 viscera
1435 5183 1499 5224 lcots
1511 5175 1580 5240 dape.
