3962 5936
529 431 650 492 CAPUT
670 433 706 492 V.
730 433 1007 500 EPIGRAMMATA
1029 443 1236 506 amnicum.

135 562 212 622 ὕδασι
230 561 335 642 θηρείην
350 562 436 622 εἰκόνα
453 562 516 644 puel
531 564 645 642 βλέπειν.

101 648 229 711 λυσσόιων
243 651 313 729 τοίχα
329 651 420 730 πικρὸν
431 647 519 728 Ἔρως
533 651 654 724 ένίπηξεν
668 650 758 710 ὀδόντα

133 740 168 803 εἰς
178 735 241 810 ἐμὲ,
252 737 296 795 καί
309 737 413 813 μανίαις
424 737 504 813 θυμὸν
515 733 648 808 ἐληίσατο·

81 824 142 896 μὴν
156 823 207 902 γὰρ
218 823 275 900 ἐμοὶ
287 821 332 880 καί
347 822 439 890 πόντος
450 821 578 901 ἐπήρατον
590 822 675 882 εἰκόνα
687 822 786 902 φαίνει,

134 912 179 968 καί
194 913 319 986 ποταμῶν
335 911 421 986 δῖναι,
433 909 479 968 καί
490 909 569 976 δέπας
584 909 709 987 οἰνοχόον.

194 1058 261 1110 261.
285 1049 453 1108 ertator
474 1049 754 1109 ΣΧΟΑΑΣΤΙΚΟΥ.

938 578 1045 630 intrudis
1057 581 1157 633 lerinam
1173 583 1300 647 imaginem
1311 583 1379 634 aiunt
1390 585 1480 636 videre.

908 667 1001 716 Furens
1015 668 1117 718 fortasse
1126 673 1199 719 Amor
1208 672 1322 722 acerbum
1335 672 1412 722 infixit
1424 673 1519 725 dentem

939 749 1012 816 mihi,
1022 757 1048 804 et
1060 755 1159 805 insaniis
1175 758 1280 808 animum
1295 772 1383 810 ιιιοιειιι
1396 761 1576 828 praedamegit:
1671 807 1675 816 .

909 841 978 890 tuam
989 842 1052 892 enim
1066 845 1091 893 et
1100 846 1189 906 pontus
1199 844 1332 906 jucundam
1344 847 1472 912 imaginem
1484 853 1603 916 ostendit,

941 931 965 978 et
975 928 1103 980 iluminunr
1118 930 1237 994 vortices,
1246 936 1271 984 et
1284 935 1400 997 poculum
1412 936 1588 999 pocillatorum.

1077 1073 1130 1119 267.
1145 1072 1291 1120 AGATHIAE
1306 1075 1513 1128 senonastlcl.

102 1215 126 1251 ο.
146 1189 180 1250 Τί
202 1189 346 1268 στενάχεις
369 1193 396 1268 β·
410 1191 512 1250 Φιλέω·
528 1211 556 1250 α·
571 1188 658 1260 Τίναὸ
675 1193 702 1266 β·
718 1188 865 1268 Παρθένον·
914 1221 941 1258 ιι.
958 1209 1023 1267 Quid
1032 1210 1122 1273 gemis?
1133 1211 1156 1261 b.
1168 1214 1238 1260 Amo.
1249 1226 1274 1262 α.
1288 1215 1385 1270 Quem?
1401 1216 1423 1266 t.
1435 1217 1565 1282 Virginem.
1577 1237 1602 1272 a.
1615 1231 1683 1275 nnnc

555 1275 602 1354 [α.
615 1267 656 1335 Ἦ·
668 1277 702 1355 ῥά
717 1297 747 1354 γε
764 1275 865 1350 καλήν;

138 1369 163 1442 β.
179 1360 270 1432 Καλὴν
284 1362 419 1440 ἡμετέροις
431 1361 533 1438 ὄμμασι
544 1361 710 1443 φαινομένην.

1529 1307 1683 1370 [pntcmamr

943 1383 965 1434 i.
981 1382 1110 1434 Pulchram
1119 1385 1209 1435 nostris
1219 1385 1297 1434 oculis
1306 1385 1392 1436 risam.

103 1475 127 1509 Ε·
149 1453 204 1510 Πῑιῦ
215 1449 293 1524 tipo
304 1449 451 1520 ῑῖΰῡνίησας
459 1471 466 1520 ;
481 1453 507 1526 β·
520 1449 596 1509 'Emi
606 1449 668 1508 πῡῖἰ
678 1451 778 1508 &lm
788 1451 868 1508 ίπῑλ·
911 1485 937 1522 α.
955 1471 1000 1521 Ubi
1011 1485 1070 1521 vero
1086 1485 1140 1521 eam
1152 1471 1358 1522 animadvertisti?
1373 1474 1396 1523 lt.
1409 1474 1475 1536 illie,
1488 1476 1519 1526 ad
1538 1493 1629 1531 coenam
1644 1485 1682 1533 in·

137 1536 197 1615 ξονῇ
210 1536 363 1612 κεκλιμένην
375 1536 482 1614 ἔδρακον
496 1536 523 1592 ἐν
537 1533 651 1595 uertite.

794 1534 866 1613 [θὼν
942 1559 1064 1610 communi
1074 1559 1214 1610 reclinatum
1224 1559 1275 1609 ridi
1285 1559 1312 1608 in
1322 1561 1515 1622 strato-junceo:
1555 1563 1682 1631 [gressus,

80 1641 126 1682 Μ·
148 1621 309 1690 Ἐδπίζῑῑίδί
319 1624 418 1701 sopato,
430 1625 456 1698 β·
467 1619 534 1695 Nat,
543 1620 596 1692 ”⁰¹¹2
604 1623 685 1702 φίλοέ·
696 1621 829 1702 opporttno
840 1621 867 1680 δέ
913 1661 939 1698 α.
956 1649 1073 1710 sperasne
1082 1650 1240 1696 successum?
1250 1646 1273 1696 δ.
1284 1647 1341 1708 ltro,
1354 1648 1411 1708 itu,
1421 1651 1496 1701 amice
1509 1671 1514 1698 :
1527 1653 1684 1706 manifestum

137 1713 164 1768 οὔ
178 1713 247 1780 ζητῶ
260 1709 364 1788 φιλίην,
380 1709 687 1784 ἄλλ’ὑποκλεπτομένην.
752 1706 865 1790 [iprum
942 1731 1104 1794 haudquam,
1119 1731 1427 1793 „nom’oeppuffivunp

1589 1737 1684 1801 [tamen

103 1821 128 1857 e.
147 1795 200 1856 Τὸν
222 1796 333 1871 νόμιμον
356 1796 455 1872 μᾶλλον
479 1793 580 1874 φειίγεις
600 1794 694 1871 γόμον.
708 1799 734 1873 β.
752 1794 868 1876 Ἁτρὲκὲι
913 1833 938 1870 ο.
956 1817 1102 1881 Legitimum
1114 1817 1197 1880 potius
1209 1817 1273 1880 tugis
1281 1818 1469 1869 matrimonium.
1483 1821 1505 1870 l.
1516 1824 1589 1875 Plano
1598 1829 1669 1888 novi,

137 1883 189 1942 δττι
197 1905 227 1958 γε
243 1887 295 1946 τῶν
309 1881 423 1940 κτεάνων
436 1879 519 1938 πουλὺ
533 1882 563 1938 τὸ
578 1882 741 1958 λειπόμενον.

105 1993 130 2030 α.
150 1966 269 2045 Ἕγνωςς
283 1969 312 2026 οὔ
327 1967 439 2048 φιλέεις,
452 1966 577 2047 ίψεόσαο·
590 1971 646 2034 πῶς
659 1967 767 2028 δύναται
780 1968 829 2048 γδρ

72 2071 92 2109 ιο
138 2058 208 2134 ψυχὴ
222 2053 378 2133 ἰρωμανέειν
389 2053 453 2132 opti
468 2051 639 2130 λογιζομένης

213 2203 281 2254 266.
304 2193 461 2253 ΠΛΥΛΟΥ
482 2191 757 2254 tincturarum.

104 2333 202 2404 Μηκέτι
215 2355 255 2398 τις
269 2331 373 2401 πτήξεεε
385 2329 463 2388 πόθον
481 2329 570 2408 βέλος·
586 2330 689 2402 ἰοδόκην
701 2331 752 2410 γὰρ

139 2421 173 2484 εἰς
186 2417 233 2492 ἐμὲ
246 2417 339 2496 λοίόρος
352 2415 439 2497 Ἔρως
456 2415 607 2485 ἰξεκένωσεν
621 2413 693 2487 ὅλην.

103 2509 145 2575 Μὴ
161 2505 295 2582 πτερύγων
306 2505 411 2584 τρομίοι
422 2527 461 2570 τις
476 2502 614 2574 ίπήλνσεν·
631 2501 700 2572 ἐξότε
711 2503 762 2584 γείρ
776 2527 821 2582 μοι

137 2592 184 2660 tlt
206 2591 298 2658 έπιόδς
313 2591 426 2671 στέρνοις
440 2589 534 2670 πικρδν
551 2589 632 2662 έπηξε
646 2591 732 2665 πόδα,

103 2677 247 2758 εἰστιμφὴς,
260 2679 381 2748 ἀδόκητος
395 2677 522 2750 ἐνέξεται,
533 2678 590 2736 οὐδὲ
603 2677 732 2755 μετέστη,

140 2768 174 2830 εἰς
190 2763 238 2842 epi
252 2764 372 2840 σοζυγίην
388 2764 539 2843 κειρόμενος
550 2762 692 2844 πτερύγων.

119 2991 123 3000 .
205 2910 274 2962 269.
298 2903 465 2962 ertator
486 2903 763 2963 ΣΧΟΛΑΣΤΙΚΟΥ.

101 3049 202 3103 Δισσῶν
216 3044 362 3124 θηλυτέρων
375 3045 468 3122 noant<
481 3067 545 3103 ποτε
560 3045 655 3122 μέσσος
669 3045 792 3122 ἐκείμην,

109 3210 124 3222 „
136 3135 183 3202 τῆς
199 3130 247 3207 μίν
259 3131 412 3212 ἐφιμείρων,
427 3138 459 3213 τῇ
474 3132 500 3207 δέ
514 3133 690 3212 χαριζόμενος·

100 3223 167 3276 εἷλκε
185 3217 215 3276 δέ
231 3218 286 3293 μ’ἡ
301 3217 438 3298 φιλέουσα·
452 3219 566 3278 πόλινδ’
583 3218 635 3295 ἐγὼ
643 3266 651 3292 ,
662 3211 734 3278 οἷοίτε
751 3243 790 3287 τις
803 3219 872 3300 φὼρ,

136 3307 222 3384 χείλεί
238 3305 382 3387 φειδομένῳ
391 3308 438 3378 τὴν
453 3308 543 3386 έτέρην
554 3307 670 3382 ἰρίλουν,

100 3396 175 3463 ζῆλον
185 3393 357 3452 ὓποκλέπτων
367 3398 413 3464 τῆς
423 3393 550 3469 γείτονος,
563 3385 594 3464 ἧς
605 3395 648 3453 τὸν
663 3394 769 3472 ἔλεγχον

137 3480 183 3537 καὶ
198 3481 246 3546 τὰς
256 3481 411 3552 λυσιπόθους
425 3478 532 3559 ἔτρεμον
549 3481 678 3559 ἀγγελίας.

99 3564 239 3642 Ὀχδήσας
251 3567 274 3623 δ’
288 3564 328 3644 ἄρ’
340 3565 441 3624 ἔειπον·
451 3592 464 3617 ι
478 3566 557 3642 Ἐμοὶ
569 3567 638 3644 τιίχα
648 3565 693 3623 καί
704 3566 733 3624 τὸ
746 3569 873 3645 φιλεῖσθαι

137 3678 150 3703 ι
166 3656 204 3719 ὡς
220 3652 248 3710 τὸ
261 3652 344 3733 φιλεῖν
359 3652 492 3731 χαλεπὸν,
503 3651 579 3711 δισσδ
593 3653 792 3732 κολαζομένων

129 3853 174 3900 ilis
185 3851 212 3900 iu
228 3850 297 3916 aquis
310 3866 360 3900 sese
375 3859 490 3900 monstrat
503 3851 579 3914 imago
589 3851 661 3900 carris.

98 3933 185 3993 Credo,
199 3933 281 3981 iurent
292 3933 317 3980 in
329 3949 368 3981 me
383 3932 473 3982 erudeli
486 3932 557 3982 dente
569 3948 684 3981 venenum

129 4013 245 4079 Exspuit,
261 4023 333 4078 atque
342 4013 422 4062 animo
435 4029 473 4062 me
484 4013 594 4079 spoliarit
608 4016 691 4062 Amor.

97 4094 195 4160 Quippe
210 4103 265 4144 tuos
274 4095 470 4156 tultus,reierunt
485 4094 542 4143 milri
553 4103 637 4159 pontus
652 4103 676 4142 et
687 4107 778 4156 amnes,

129 4179 159 4224 itt
173 4191 229 4240 quae
243 4175 293 4224 vite
302 4183 353 4224 sato
362 4175 447 4250 poeula
458 4189 513 4222 rore
526 4175 629 4222 madent.

330 4311 388 4367 267.
405 4323 518 4356 nonrnre
531 4323 656 4358 οειετοεεε.

99 4439 163 4502 Quid
174 4440 282 4504 gemitus
294 4439 327 4488 ita
339 4439 423 4489 ducis?
435 4455 497 4491 amo.
508 4443 567 4504 Qum
580 4444 669 4490 catam?
681 4439 770 4505 puella.

129 4521 289 4572 Pulchrane?
298 4532 362 4572 certe
371 4523 444 4571 oculis
458 4523 558 4588 pulchra
572 4539 600 4572 ea
610 4524 659 4574 risa
670 4522 737 4572 meis.

97 4603 142 4655 Die
154 4603 201 4652 ubi
218 4601 306 4654 εεονίειί
315 4607 326 4651 ?
336 4603 432 4667 genialis
447 4613 553 4669 tempore
562 4620 642 4664 coenae,

129 4687 281 4734 Communes
295 4692 417 4750 premeret
430 4700 483 4733 oum
492 4683 551 4732 mihi
565 4685 647 4749 juncta
661 4693 733 4733 toros.

98 4769 186 4832 Spesne
197 4767 268 4815 frui?
279 4781 332 4832 spes
339 4775 375 4816 est
388 4781 394 4816 ι
407 4768 448 4816 sed
461 4783 492 4816 ne
506 4767 568 4816 bone
580 4767 669 4824 tallere,
683 4765 749 4816 cordi

130 4852 172 4898 Est
185 4847 252 4898 milri
270 4847 372 4897 inrtlvns
385 4863 433 4897 non
448 4849 584 4899 manifestus
596 4865 670 4900 emor.

99 4931 264 4993 Legitimasne
275 4929 332 4992 nugis
343 4930 430 4979 taedas?
445 4931 507 4981 bona
519 4931 609 4981 seilicet
619 4932 668 4996 ejus

130 5013 197 5061 Stisi
215 5011 309 5060 divitiis
322 5025 373 5060 asse
386 5012 479 5062 minora
493 5014 559 5064 meis.

99 5091 185 5142 Scisti?
200 5107 255 5140 non
263 5107 287 5140 ea
298 5107 396 5152 amans;
411 5093 512 5143 mendax
523 5093 669 5159 deprendere
680 5106 686 5139 :
698 5106 752 5140 nam
762 5105 810 5139 non

131 5171 177 5218 llle
189 5185 266 5218 amor
277 5179 319 5226 est,
330 5170 367 5220 nti
378 5173 417 5236 qui
432 5172 523 5222 ratione
534 5179 620 5238 potest.

942 1905 1057 1969 quoniam
1070 1904 1264 1968 possessionibus
1274 1905 1331 1968 ejus
1339 1907 1442 1956 multum
1454 1908 1528 1959 deest.

914 2008 939 2045 a.
957 1996 1064 2044 Noveras
1077 1991 1176 2052 tiocli,
1194 2006 1242 2041 non
1261 2005 1340 2054 amas,
1358 1993 1474 2043 mentitus
1492 2009 1519 2046 es
1537 2012 1543 2041 :
1563 2003 1685 2062 quomodo

944 2080 1023 2132 anirna
1034 2081 1100 2130 recte
1115 2079 1260 2130 ratiocinans
1275 2081 1487 2132 amore-insanire?
1510 2083 1591 2147 [enim
1603 2093 1685 2151 potest

1112 2202 1166 2248 266.
1187 2198 1279 2246 PAULI
1294 2199 1483 2249 sterilitatem

914 2342 949 2389 llo
962 2337 1017 2402 quis
1031 2337 1136 2401 amplius
1149 2339 1245 2387 metuat
1253 2337 1366 2387 desiderii
1380 2338 1456 2388 telum
1471 2361 1477 2389 :
1493 2341 1583 2407 quippe
1596 2345 1683 2408 pinare-

945 2427 971 2477 in
982 2440 1022 2478 me
1035 2425 1186 2498 impetuosus
1195 2425 1270 2476 Amor
1280 2426 1409 2478 exinanivit
1420 2429 1505 2480 totam.
1605 2433 1685 2499 [tram
1780 2464 1784 2486 ι

915 2517 950 2566 lie
960 2515 1052 2566 alarum
1060 2515 1149 2564 tremat
1157 2513 1244 2576 aliquis
1259 2513 1391 2563 adventum
1406 2535 1412 2564 :
1424 2529 1480 2566 nam
1490 2531 1518 2567 er
1530 2532 1580 2581 quo
1595 2521 1655 2571 milri

946 2601 1054 2652 calcibus
1064 2600 1183 2664 impositis
1194 2599 1288 2664 pectori
1296 2600 1385 2650 durum
1394 2600 1471 2652 infixit
1479 2603 1579 2666 pedem,

915 2691 1043 2750 immotus,
1060 2689 1214 2750 inquasaatus
1228 2685 1329 2747 insidet,
1345 2700 1424 2750 neque
1437 2688 1563 2750 discesslt3

945 2777 971 2826 in
982 2789 1022 2826 nae
1034 2773 1270 2826 enimdetondit·aibi
1280 2787 1325 2837 par
1337 2775 1438 2826 alarum.

1080 2920 1134 2966 269.
1151 2915 1296 2963 AGATHIAE
1313 2915 1521 2966 scitottsrlct.

917 3057 1026 3104 Duarum
1034 3051 1164 3102 mulierum
1173 3065 1238 3101 unus
1244 3051 1403 3113 aliquandoin
1413 3052 1493 3102 medio
1501 3039 1689 3118 decumbebam,

947 3137 1047 3189 alterius
1055 3137 1152 3201 quidem
1168 3137 1361 3199 cupidus,a1ten'
1373 3141 1455 3190 autem
1465 3140 1602 3202 gratificans
1613 3162 1619 3190 ε

917 3230 991 3290 atque
1000 3226 1097 3277 attraxit
1108 3225 1244 3286 insultem,
1253 3226 1379 3286 osculans3
1393 3231 1524 3291 contraque
1534 3243 1586 3292 ego,
1596 3245 1640 3280 cau
1651 3233 1695 3281 tur

948 3314 1013 3365 labio
1024 3316 1137 3378 parcente
1148 3313 1249 3362 alteram
1262 3313 1397 3374 osculabar,
1568 3317 1687 3381 [aliquis,
1722 3356 1731 3370 .

918 3401 1060 3466 zelotypiam
1071 3400 1156 3450 fallens
1163 3400 1263 3462 ricino,
1276 3401 1346 3464 cujus
1355 3399 1545 3464 objurgationem

947 3491 973 3538 et
988 3486 1262 3538 emorerndissolventea
1275 3487 1378 3537 nuncios
1392 3487 1533 3538 tremebam.

918 3575 1045 3637 suspirans
1055 3573 1129 3637 igitur
1137 3571 1189 3622 dixi
1199 3593 1205 3622 z
1217 3592 1230 3616 ι
1243 3571 1303 3622 Mihi
1317 3573 1379 3623 torte
1392 3576 1417 3622 et
1425 3575 1514 3635 amari,

948 3661 1012 3711 sieut
1025 3673 1118 3721 unare,
1131 3673 1205 3724 grave
1213 3662 1263 3720 est,
1273 3660 1316 3721 qui
1328 3658 1458 3738 dupliciter
1471 3661 1594 3724 punierat

1103 3863 1110 3880 ·
1155 3841 1211 3889 268.
1227 3855 1298 3887 ruunt
1314 3857 1474 3893 εεεειιτεεεεε.

921 3959 1040 4008 Flammea
1049 3973 1079 4005 ne
1095 3955 1217 4020 quisquam
1233 3956 1371 4021 timeatjam
1384 3959 1431 4008 tela
1442 3975 1448 4008 z
1459 3959 1595 4026 pharetram

954 4046 982 4090 In
994 4057 1046 4090 mea
1056 4055 1112 4088 nam
1122 4055 1217 4089 vacuam
1230 4041 1328 4090 vulnera
1340 4041 1397 4090 iecit
1409 4046 1493 4093 Amor.

921 4126 971 4174 Nec
984 4138 1060 4189 penna
1072 4130 1162 4171 metuat
1172 4121 1202 4170 de
1213 4131 1316 4187 prepete
1327 4137 1333 4172 :
1346 4139 1401 4171 nam
1412 4123 1474 4173 ierus
1485 4141 1514 4174 ex
1529 4142 1576 4192 qno

954 4203 1067 4268 imposito
1078 4202 1162 4268 pressit
1174 4210 1269 4268 pectora
1278 4212 1358 4252 nostra
1372 4204 1446 4269 pede,

923 4284 1011 4334 insidet
1024 4284 1152 4333 immotus:
1165 4283 1236 4348 quin,
1249 4299 1280 4332 ne
1292 4284 1411 4334 discedere
1427 4295 1512 4352 posset,

957 4369 992 4416 En
1001 4365 1072 4415 etiam
1082 4381 1171 4432 pennas
1179 4365 1278 4416 abscidit
1287 4367 1336 4432 ipse
1349 4367 1402 4416 sibi.

1145 4483 1201 4544 269.
1219 4498 1333 4530 notrum
1349 4499 1474 4533 onnronra.
1510 4547 1512 4552 Ι

924 4599 1035 4648 Birmrum
1047 4597 1136 4647 medius
1149 4613 1226 4664 nuper
1236 4614 1291 4647 cnm
1303 4597 1364 4648 iorte
1373 4599 1485 4664 jacerem,

957 4685 1048 4747 Nempe
1061 4681 1140 4730 [avens
1153 4681 1213 4730 uotis
1226 4681 1299 4735 illius.
1318 4681 1379 4731 hanc
1391 4693 1415 4731 et
1424 4675 1524 4733 amans:

925 4765 969 4813 Illa
984 4781 1069 4828 procax
1081 4764 1138 4812 dura
1152 4780 1189 4812 me
1202 4779 1245 4813 stra
1256 4765 1337 4813 ductat
1349 4765 1379 4813 nd
1389 4767 1485 4827 osenla,
1497 4766 1579 4816 lttrtim

958 4847 1062 4894 Alterius
1074 4845 1146 4894 labris
1160 4847 1238 4894 oscula
1250 4861 1320 4910 parca
1335 4845 1435 4902 dabam,

926 4927 1049 4991 Zelotypas
1058 4926 1147 4990 lugiens
1159 4928 1241 4998 uicinae
1253 4928 1348 4992 uirginis
1361 4929 1416 4988 iras,

960 5008 1049 5056 Indicio
1064 5023 1095 5056 ne
1108 5024 1151 5057 nos
1161 5009 1270 5074 proderet
1284 5009 1323 5056 ilia
1335 5025 1388 5058 stro.

928 5088 1047 5152 Ingemui,
1059 5089 1163 5154 dixique,
1177 5090 1270 5154 Duplex
1286 5089 1344 5138 ιιιὶἰιί
1357 5106 1424 5156 prena
1438 5099 1517 5156 prorata
1528 5099 1581 5150 est,

962 5175 992 5220 Et
1006 5171 1067 5236 qnod
1077 5187 1143 5228 οιιιο,
1158 5173 1246 5238 pariter
1255 5187 1305 5220 sum
1318 5172 1398 5231 miser,
1407 5179 1429 5219 at
1440 5171 1502 5235 qnod
1514 5187 1589 5248 amor.
