3916 5930
256 442 313 501 324
824 446 1075 508 ANTHOLOGIAE
1098 445 1297 506 PALaNNAE

294 571 460 649 depulissem
476 573 559 632 Νότου
574 572 684 632 λαίλαπι
698 577 830 656 χειμερίῃ.

252 656 323 737 Ὥρη
335 659 385 736 γοίρ
401 682 429 716 σε
444 659 553 732 πέδησεν
569 661 701 740 ἀνέγγυος·
714 663 779 742 epple
794 666 821 723 δὲ
834 665 881 736 τὴν
896 667 942 737 σὴν

292 745 386 820 κύματ’
398 745 442 824 οἶμ’
454 747 560 825 ἱμερτὴν
575 747 690 811 ἔκλασεν,
700 752 814 823 ἡλικίην.

494 907 562 957 264.
585 899 785 960 ΛΕΩΝΙΔΟΥ.

253 1043 302 1117 Ele
317 1047 469 1127 ποντοπόρῳ
483 1048 560 1116 πλόος
576 1048 673 1128 οὔριος·
689 1050 717 1109 δν
730 1053 750 1107 δ’
766 1051 807 1129 ἄρ’
822 1052 918 1127 ιἰήτῃς,

290 1138 323 1200 ὡς
337 1133 397 1212 ἐμὲ,
408 1137 460 1202 τοῖς
473 1135 561 1195 Ἀΐδεω
575 1139 744 1218 προσπελάσῃ
757 1139 868 1215 λιμέσιν,

251 1220 391 1300 μεμρέσδω
403 1223 440 1296 μὴ
452 1225 551 1299 λαῖτμα
566 1226 711 1298 κακόξενον,
722 1229 779 1286 ἀλλ’
795 1225 821 1286 έο
834 1221 945 1305 τολμοιν,

289 1309 359 1376 ὅστις
372 1311 416 1390 ἀφ’
428 1311 555 1389 ἡμετέρου
569 1313 692 1390 πείσματ’
703 1313 778 1372 ἔλυσε
790 1314 879 1394 τοίρου.

483 1462 550 1512 265.
576 1454 791 1514 ΠΛΑΤΩΝΟΣ.

250 1590 375 1667 Ναυηγοῦ
390 1589 468 1668 τέρος
482 1590 551 1666 εἶμί*
564 1595 577 1648 ὁ
592 1593 614 1649 δ’
627 1592 713 1650 ἀντίον
729 1594 784 1650 ἐστὶ
795 1599 924 1672 γεωργοῦ·

289 1681 324 1741 ὡς
338 1676 381 1734 ἆλὶ
393 1677 438 1758 καί
452 1678 514 1757 γαίῃ
530 1677 599 1746 ξυνὸς
615 1677 704 1738 δπεοτ’
720 1677 814 1754 Ἀίδης.

497 1843 567 1894 266.
582 1835 781 1894 aleaot'.

251 1974 374 2052 Ναυηγοῦ
390 1972 468 2054 τοίρος
481 1973 536 2050 εἶμί
550 1973 684 2042 Διοκλέος·
700 1979 723 2034 oi
739 1979 761 2034 δ’
778 1977 932 2054 ἀνοίγονται,

289 2065 336 2138 φεῦ
350 2061 448 2134 τόλμης
461 2065 467 2120 l
484 2064 530 2120 ἀπ’
543 2064 606 2133 ἐμοῦ
621 2063 754 2140 πείσματα
769 2065 921 2140 λυσάμενοι.

442 2198 523 2272 'aea
544 2213 817 2272 notararrrtror.

1044 594 1048 666 γ
1102 585 1216 636 fidentem
1225 585 1281 636 Noti
1292 585 1403 649 procellae
1416 583 1531 634 hibernae.

1070 677 1176 736 Tempus
1189 673 1253 723 euim
1266 676 1291 723 te
1303 672 1429 736 impedivit
1443 671 1555 732 infidum,
1568 675 1594 721 et
1607 671 1650 720 udi
1663 675 1726 722 tuam

1102 765 1191 812 stuctm
1202 761 1329 812 amabilem
1344 760 1493 822 abrupemnt
1507 762 1613 810 aetatem.

1345 919 1399 965 264.
1416 917 1570 965 attotttD'AE.

1070 1067 1107 1118 stt
1122 1066 1252 1130 pontirago
1268 1064 1388 1128 navigatio
1406 1062 1527 1113 secundat
1539 1075 1613 1125 quem
1630 1075 1689 1112 sero
1700 1063 1806 1126 procela,

1102 1154 1175 1204 sicuti
1188 1166 1240 1213 me,
1255 1152 1311 1201 Orci
1324 1149 1445 1214 appulerit
1456 1149 1591 1212 pommus,

1071 1246 1093 1292 ts
1102 1255 1133 1291 ne
1146 1241 1243 1304 culpato
1251 1239 1368 1288 vorticem
1381 1237 1563 1301 inhospitalem,
1578 1237 1621 1288 sed
1633 1237 1782 1300 suam-ipsias
1796 1251 1833 1286 aa·

1034 1337 1037 1340 ’
1101 1333 1145 1396 qui
1157 1347 1172 1382 a
1183 1335 1267 1381 nostro
1279 1331 1415 1380 retinacula
1428 1329 1501 1379 solvit
1514 1330 1631 1392 sepulcro.
1732 1328 1832 1392 [daciam

1348 1477 1401 1522 265.
1419 1471 1577 1520 Pastottls,

1070 1615 1186 1678 Naufragi
1194 1614 1306 1664 tumulus
1315 1625 1383 1670 sumt
1394 1610 1436 1674 qui
1443 1613 1527 1661 autem
1535 1624 1549 1660 e
1556 1610 1668 1673 regione,
1678 1611 1714 1658 est
1720 1609 1834 1672 agricole:

1105 1701 1223 1766 siquidem
1231 1701 1291 1751 mari
1301 1703 1326 1750 et
1334 1699 1415 1751 telluri
1426 1697 1564 1750 communis
1572 1697 1658 1748 subest
1669 1701 1751 1746 Orcus.

1327 1825 1331 1834 '
1346 1847 1400 1890 aee.
1416 1839 1569 1889 tabatha.

1071 1990 1185 2054 Naufragi
1196 1989 1335 2054 sepulcrum
1349 2002 1403 2038 sum
1416 1987 1506 2037 Dioclis
1518 2007 1524 2036 ι
1535 1987 1569 2036 illi
1583 1998 1642 2035 vero
1654 1984 1825 2047 altumpctuat‚

1103 2078 1164 2142 pmh
1173 2077 1348 2128 temeritatem!
1365 2089 1427 2126 ame
1440 2073 1575 2124 retinacula
1587 2073 1714 2124 solventes.

1337 2226 1391 2273 267.
1410 2221 1577 2270 POSlDlPPl.

250 2348 391 2421 Ναυτίλοι,
406 2349 481 2430 ἔγγὺς
493 2351 554 2418 ἁλὸς
567 2352 594 2410 τί
608 2376 640 2428 με
653 2352 776 2426 θάπτετε,
787 2355 881 2414 πολλὸν
897 2355 985 2414 ἄνευθε
1070 2367 1171 2426 Nautes,
1178 2365 1251 2428 juata
1258 2376 1326 2412 mare
1337 2361 1398 2425 quid
1408 2375 1448 2410 me
1461 2359 1584 2424 sepelitis?
1596 2357 1752 2422 pericope-ab
1762 2355 1807 2406 boc

289 2441 375 2514 χῶσαι
388 2445 502 2516 ναυηγοῦ
516 2440 635 2516 τλήμονα
650 2440 747 2515 τύμὸον
763 2439 823 2500 ἔδει.

1101 2464 1215 2518 aggerare
1225 2449 1336 2513 naufragi
1348 2449 1465 2498 miserum
1479 2448 1602 2497 mmulum
1612 2444 1744 2509 oportebat

208 2603 218 2620 .
250 2525 362 2600 Φρίσσω
376 2524 491 2602 κύματος
506 2519 579 2604 ἦχον,
592 2527 653 2603 ἐμὸν
668 2529 756 2606 μόρον.
769 2529 847 2588 Ἀλλὰ
860 2530 904 2589 καί
919 2533 999 2599 οὕτως
1070 2539 1261 2590 llorreotlucttls
1274 2537 1415 2601 strepitum,
1428 2549 1509 2585 meam
1522 2537 1636 2584 mortem.
1647 2531 1695 2582 Sed
1706 2531 1774 2582 etiam
1783 2531 1815 2580 sic

289 2613 409 2690 χαίρετε,
425 2613 543 2684 Νικήτην
558 2611 648 2680 οἵτινες
662 2615 796 2695 οἰκτίρετε.

476 2771 544 2822 268.
566 2763 782 2824 ΠΛΑΊῺΝΟΣ.

251 2908 373 2985 Ναυηγόν
387 2933 421 2986 με
435 2910 569 2992 δέδορκας·
581 2913 609 2970 ὃν
621 2915 770 2993 οἰκτείρασα
782 2915 902 2974 θάλασσα
976 2911 980 2920 '

289 3000 424 3073 γυμνῶσαι
434 3002 555 3075 πυμάτου
570 3002 662 3080 φοίρεος
676 3002 803 3080 ᾐδέσατο,

251 3085 383 3162 ἄνθρωπος
397 3087 550 3164 παλάμῃσιν
563 3088 719 3167 trapsilam
733 3087 901 3164 μ”ἀπέδυσε,

290 3174 381 3232 τόσσον
395 3173 455 3251 οίγος
468 3175 562 3235 τόσσου
577 3177 678 3254 κέρδεος
691 3178 828 3254 ἀράμενος.

252 3264 329 3320 Κεῑνο
343 3261 386 3320 καί
399 3261 550 3340 ἐνδύσαιτο,
566 3265 610 3324 καὶ
624 3267 659 3332 εἷς
674 3261 758 3324 Ἀίδαο
772 3267 886 3346 φέροιτο,
901 3285 904 3292 ·

289 3348 336 3408 καί
347 3375 392 3430 μιν
403 3349 453 3411 ἴδοι
464 3353 552 3420 Μίνως
563 3353 658 3430 τούμὸν
670 3353 763 3433 ἔχοντα
779 3355 866 3434 ροίκος.

504 3517 565 3566 269.
585 3519 643 3562 ΤΟΥ
665 3518 770 3564 ΑΥΤΟΥ.

250 3654 400 3732 Πλωτῆρες,
415 3653 536 3722 σώζοιοδε
549 3654 593 3712 καὶ
608 3655 644 3710 εἰν
659 3653 702 3710 ἁλὶ
716 3651 761 3712 καί
776 3652 844 3710 κατὰ
859 3661 951 3738 γαῖαν·Ι

1102 2629 1189 2686 valete,
1204 2627 1295 2676 Νίσαια
1308 2625 1430 2688 quotquot
1440 2621 1616 2672 miserti-estis.

1346 2779 1398 2822 268.
1417 2773 1576 2822 Platottts.

1071 2921 1221 2983 Naufragum
1231 2931 1271 2969 me
1281 2917 1360 2968 cernis
1373 2937 1379 2966 ι
1392 2929 1467 2979 quem
1478 2915 1605 2964 misertum
1617 2926 1684 2963 mare

1103 3007 1195 3057 nudare
1204 3008 1327 3071 postremo
1340 3004 1486 3054 vestimento
1497 3001 1608 3064 eruhuit,

1071 3096 1146 3146 homo
1157 3095 1270 3146 manibus
1281 3091 1407 3156 intrepidis
1416 3103 1456 3140 me
1465 3091 1545 3151 eruit,

1101 3185 1199 3232 tautum
1210 3179 1334 3244 piaculum
1344 3177 1494 3242 pro-tantulo
1503 3177 1571 3227 lucro
1580 3173 1789 3225 inse-admittens.

1072 3273 1124 3320 lloc
1136 3270 1176 3320 ille
1187 3271 1212 3318 et
1222 3267 1322 3328 induat,
1332 3269 1357 3316 et
1371 3265 1397 3315 in
1411 3269 1503 3316 Orcum
1514 3263 1630 3328 perferat,

1102 3361 1127 3408 et
1142 3371 1198 3408 eum
1211 3357 1294 3406 rideat
1306 3355 1384 3406 llinos
1394 3367 1450 3404 meo
1458 3355 1573 3416 opertum
1582 3365 1668 3415 panno.

1348 3501 1402 3544 269.
1420 3502 1569 3544 EJUSDEM.

1071 3657 1172 3716 Noritae,
1183 3655 1308 3706 salvemini
1317 3655 1343 3704 et
1353 3653 1378 3702 in
1390 3652 1451 3702 mari
1464 3653 1489 3701 et
1502 3650 1527 3698 in
1539 3651 1622 3698 terra:

752 3795 1056 3806 ——n—-unn

282 3899 385 3960 Mortis,
398 3914 465 3947 amor
478 3899 573 3962 patriae,
589 3914 675 3958 eausa,
688 3897 838 3948 Cicerroride.

251 3980 387 4031 interclusit
398 3981 479 4046 hyems
493 3990 516 4030 le
528 3980 628 4046 perlida.
640 3996 730 4045 terque
742 3981 846 4046 juventae

284 4065 400 4115 abstersit
412 4065 488 4130 pelagi
500 4064 567 4113 triste
581 4063 681 4113 furentis
691 4080 761 4129 aqua.

1359 3891 1414 3950 267.
1432 3902 1558 3936 nosrnterr.
1591 3941 1594 3946 ¹

1072 4000 1134 4064 Quid
1149 4015 1224 4064 prope
1236 4014 1274 4048 me
1283 3997 1378 4064 pelagus
1389 4005 1467 4045 nautae
1480 3992 1642 4060 sepelitislab
1656 3991 1725 4041 undis

1106 4082 1240 4131 Debueram
1249 4082 1318 4143 louge
1332 4077 1457 4141 naufragus
1469 4093 1518 4126 esse
1528 4077 1596 4125 situs.

1074 4169 1205 4220 Horresco,
1217 4179 1269 4212 mea
1282 4161 1346 4224 fata,
1358 4175 1442 4209 sonum
1456 4157 1527 4207 maris
1538 4173 1545 4206 :
1556 4165 1662 4206 attamen
1674 4165 1698 4204 et
1710 4154 1743 4204 sie

548 4193 604 4248 264.
623 4207 744 4239 troarne.

1105 4246 1179 4310 Queis
1189 4247 1273 4295 Niceta
1284 4244 1318 4292 fui
1330 4259 1403 4304 cura,
1415 4241 1494 4291 ualere
1507 4241 1571 4290 νοΙο.

250 4316 285 4366 sit
299 4323 376 4364 naute
387 4313 442 4375 felix
458 4323 515 4379 opto
528 4314 582 4374 νίας
596 4313 616 4362 ai
629 4324 725 4376 tamen,
738 4321 765 4362 ut
779 4329 831 4373 me,

284 4397 321 4448 Ad
333 4396 423 4462 Stygios
438 4405 520 4462 portua
533 4395 596 4444 hunc
610 4411 705 4461 quoque
716 4403 801 4443 sentus
816 4403 884 4457 agat,

252 4484 354 4544 AEquora
365 4494 395 4527 ne
407 4477 511 4526 moriens
522 4477 613 4526 incuset
625 4475 744 4542 inhospita
755 4511 762 4534 ,
772 4475 812 4523 sed
823 4491 862 4535 se,

249 4571 259 4630 't
283 4567 359 4611 Ausus
370 4561 400 4610 ab
412 4560 458 4610 boc
471 4562 563 4612 tumulo
572 4561 663 4609 mirere
672 4559 748 4609 vinda
765 4558 831 4608 ratis.

1357 4380 1414 4428 aas.
1432 4393 1556 4425 ruaroars.

1073 4504 1121 4569 Qui
1136 4513 1203 4553 truce
1214 4499 1336 4566 naufragio
1349 4501 1422 4551 vitam
1434 4499 1494 4549 mihi
1505 4507 1592 4565 pontus
1600 4497 1707 4566 ademit,

1107 4585 1211 4635 interula
1225 4585 1315 4632 teritos
1326 4599 1365 4632 me
1378 4583 1481 4648 spoliare
1495 4580 1548 4630 fuit.

1073 4673 1142 4718 lianc
1153 4685 1249 4734 quoque
1260 4667 1365 4717 detraxit
1376 4667 1446 4718 nobis
1457 4681 1540 4716 manus
1556 4664 1632 4729 impia
1643 4671 1748 4724 restem,
1767 4701 1775 4714 .

1105 4758 1151 4802 Per
1165 4751 1255 4801 facinus
1268 4758 1362 4800 tantum
1374 4751 1466 4799 tarrtula
1478 4749 1544 4797 lucra
1555 4756 1648 4812 petens.

1073 4834 1157 4882 Induat
1173 4831 1234 4882 hanc
1246 4838 1387 4895 teneatque,
1398 4838 1422 4879 et
1434 4829 1465 4878 ad
1478 4831 1569 4876 Orcum
1585 4825 1692 4884 deferat,
1704 4823 1783 4890 ipsum

1105 4921 1139 4965 Ut
1152 4916 1230 4965 videat
1239 4915 1319 4963 Minos
1332 4923 1425 4976 tegmen
1436 4911 1526 4960 habere
1537 4923 1626 4958 meum.

536 4694 592 4742 265.
611 4709 735 4744 rainonis.

251 4830 382 4895 Naufragus
394 4829 433 4879 bic
444 4830 526 4895 jaceo,
539 4838 625 4880 contra
636 4829 700 4896 jacet
712 4845 768 4880 ecce
779 4829 885 4880 colonus.

284 4916 321 4964 Sic
333 4919 409 4963 Oreus
420 4913 560 4962 terrisonus
572 4912 686 4980 aquisque
696 4911 785 4964 subest.

537 5031 594 5078 266.
616 5045 736 5078 ascaron.
1361 5025 1418 5086 269.
1432 5037 1548 5069 rruanatt.

1074 5155 1200 5216 Prospera,
1212 5157 1282 5199 nauta
1294 5185 1302 5212 ,
1314 5147 1358 5198 tibi
1375 5161 1441 5196 mare
1453 5146 1501 5195 siat
1511 5153 1536 5194 et
1552 5151 1616 5192 terra
1631 5157 1637 5192 ι
1651 5141 1691 5190 sed
1703 5139 1767 5188 illud

1106 5231 1168 5282 Scito
1178 5240 1273 5293 tamea,
1286 5229 1376 5280 condor
1389 5227 1515 5290 naufragus
1529 5224 1575 5274 hoc
1586 5222 1686 5274 tumulo.

252 5157 383 5222 Naufragus
394 5156 434 5206 hic
442 5157 511 5222 jaceo
523 5157 624 5207 Diocles.
660 5155 765 5206 Audacia
779 5164 866 5220 quanta
884 5158 938 5204 eslf

285 5244 325 5289 Est
343 5240 398 5289 irinc
412 5255 464 5304 quoe
477 5239 555 5306 capiat
567 5255 610 5306 per
623 5255 688 5288 mare
701 5238 767 5288 naris
782 5237 838 5288 iter.
