4018 5938
698 1049 1230 1204 PRAEFATIO.

826 1397 1093 1430 ψ...

232 1702 359 1784 Quare
373 1695 506 1766 lactum
523 1699 568 1766 sit
578 1711 617 1767 ut
632 1695 843 1791 anthologia
854 1701 1148 1793 epigrammatum
1168 1725 1263 1770 nnnc
1276 1701 1421 1772 demum
1437 1699 1586 1798 prodeat
1600 1703 1740 1774 diverso

183 1843 202 1890 a
223 1820 401 1917 plerisque
429 1819 537 1916 hujus
559 1819 779 1890 Bibliotlrecoe
799 1819 1039 1890 voluminibus
1062 1835 1210 1908 ornatu,
1232 1824 1388 1892 editionis
1409 1827 1600 1892 Variorum
1630 1825 1740 1894 instar

184 1941 297 2039 (quod
312 1967 421 2038 genus
435 1941 521 2012 olim
536 1957 612 2013 erat
629 1943 666 2012 in
685 1940 852 2036 deliciis),
872 1967 1050 2040 exponere
1069 1943 1172 2015 liceat
1191 1943 1350 2040 longiore
1375 1943 1494 2016 forsan
1519 1948 1740 2036 narratione,

184 2065 244 2136 sed
265 2068 430 2161 ingenua.

232 2193 309 2258 lam
338 2190 534 2259 tricesimus
561 2191 676 2284 agitur
698 2213 812 2260 annus
830 2215 870 2260 ex
900 2215 973 2286 quo
1002 2191 1177 2272 Firminus
1206 2193 1315 2263 Didot
1341 2207 1501 2263 veterum
1525 2195 1740 2290 scriptorum

184 2335 379 2407 graccorum
398 2311 648 2384 collectionem
672 2313 928 2410 amplissimam
957 2315 1066 2409 coepit
1083 2313 1220 2404 moliri,
1243 2317 1388 2386 minime
1413 2341 1497 2386 sane
1524 2317 1656 2388 oblitus
1680 2334 1741 2388 aut

183 2435 363 2529 negligens
380 2435 635 2506 versiculorum
654 2434 797 2507 illorum
812 2437 874 2534 qui
891 2451 1007 2507 totum
1023 2455 1308 2524 monumentum,
1330 2439 1425 2509 velut
1438 2439 1567 2509 hedera
1588 2454 1650 2510 aut
1669 2441 1739 2510 cle-

184 2559 318 2628 matitis
329 2559 506 2653 ingentem
515 2559 700 2656 platanum
711 2560 756 2629 ab
771 2562 844 2630 imo
860 2574 990 2632 trunco
1004 2562 1040 2629 in
1054 2558 1198 2629 ultimos
1212 2585 1323 2656 usque
1338 2561 1495 2632 ramulos
1510 2563 1691 2658 corymbis
1707 2581 1740 2636 et

183 2681 340 2752 flosculis
356 2683 469 2752 vestit.
492 2687 569 2753 lmo
591 2683 802 2777 singularem
823 2681 980 2754 favorem
1006 2683 1154 2754 lortunae
1178 2683 1215 2752 in
1239 2683 1295 2753 his
1318 2697 1531 2756 tercentum
1553 2702 1741 2784 poetarum

182 2803 343 2900 reliquiis
362 2819 526 2902 expertus
547 2819 582 2876 et
596 2805 662 2876 sibi
678 2805 919 2902 gratulabatur
933 2789 968 2876 et
985 2805 1064 2876 orbi
1081 2805 1238 2893 literato,
1254 2807 1353 2903 quod
1375 2807 1434 2878 ille
1453 2811 1528 2906 ipse
1546 2811 1611 2898 vir,
1634 2837 1741 2909 quem

183 2927 346 2998 unanimi
371 2953 496 2999 omnes
515 2927 683 3022 sullragio
702 2927 838 3000 adrem
863 2929 1056 3025 gerendam
1074 2927 1301 3024 delegissent,
1324 2929 1575 3026 elegantiarum
1609 2933 1741 3006 arbiter

183 3049 280 3120 idem
305 3065 340 3119 et
364 3050 556 3147 exemplar,
575 3052 762 3144 omnigena
783 3032 945 3121 doctrina
973 3049 1176 3148 speptabilis
1205 3055 1457 3122 Burssonamus
1484 3079 1575 3150 opus
1603 3080 1741 3126 summe

181 3175 343 3260 varium,
362 3171 608 3269 duodeviginti
626 3173 735 3244 lerme
754 3173 880 3244 saecula
905 3173 1124 3269 antiquitatis
1147 3171 1374 3269 complexum
1398 3175 1435 3243 in
1460 3200 1535 3245 sese
1558 3193 1741 3274 receperat

182 3293 379 3364 edendum.
393 3296 453 3364 His
461 3297 625 3392 auspiciis
638 3293 911 3391 praeclarissimis
922 3295 1089 3372 adornari
1100 3310 1215 3392 coepta
1229 3311 1281 3366 est
1295 3297 1514 3393 Anthologiae
1525 3325 1617 3369 nova
1631 3299 1741 3371 editio

180 3441 281 3486 anno
300 3419 603 3498 MDCOCXXXVI.
626 3421 696 3488 Nec
723 3417 832 3488 latine
860 3418 1021 3488 vertendi
1041 3443 1119 3514 quae
1133 3423 1234 3514 Hugo
1251 3421 1396 3490 Grotius
1425 3421 1588 3492 nondum
1606 3447 1740 3516 cogno·

181 3555 284 3610 verat
308 3541 561 3636 epigrammata
582 3540 635 3611 bis
663 3540 759 3611 mille
784 3543 965 3636 negotium
988 3544 1164 3612 recusavit
1188 3545 1242 3613 vir
1261 3545 1409 3613 eximius
1434 3558 1469 3614 et
1487 3545 1740 3641 exquisitarum

181 3685 306 3732 rerum
324 3661 564 3759 plenissimam
588 3666 857 3734 annotationem
878 3663 1030 3734 texebat.
1051 3669 1167 3750 Quam
1187 3689 1269 3736 cum
1291 3665 1425 3735 videret
1445 3679 1480 3734 et
1507 3665 1742 3736 admiraretur

180 3785 362 3856 Firminus
390 3785 516 3874 Didot,
537 3789 637 3857 enixe
665 3786 865 3858 obsecravit
894 3788 1160 3858 B0issonadium
1189 3804 1229 3858 ut
1246 3789 1382 3883 justum
1409 3803 1444 3858 et
1473 3789 1741 3884 quodammodo

180 3923 398 4007 perpetuum
413 3911 709 3981 commentarium
728 3910 881 3982 scribere
903 3935 948 3979 ne
962 3909 1226 4004 dedignaretur,
1243 3935 1352 4006 quem
1378 3909 1553 3981 lectorum
1576 3913 1739 3982 omnium

179 4047 217 4102 et
235 4032 363 4130 plausu
385 4048 572 4130 exceptum
595 4035 639 4104 iri
657 4033 894 4130 augurabatur
908 4047 944 4102 ct
966 4030 1160 4103 commodo
1180 4031 1256 4102 lore
1271 4058 1424 4120 summo,
1439 4033 1594 4130 plurima
1607 4037 1742 4132 quippe

178 4159 218 4228 in
240 4157 429 4255 poematiis
441 4181 496 4226 res
511 4155 621 4228 hodie
640 4157 755 4226 minus
774 4157 931 4251 cognitas
956 4157 1145 4254 saepissime
1168 4156 1394 4252 tangentibus
1413 4181 1487 4226 non
1506 4157 1588 4226 satis
1601 4157 1739 4228 intelle-

177 4295 371 4352 cturorum
399 4281 465 4350 nisi
492 4279 735 4377 explicationis
755 4278 889 4375 aliquid
915 4277 1255 4350 subministraretur.
1274 4279 1341 4350 Sed
1369 4278 1467 4349 nullo
1493 4278 1620 4368 modo,
1636 4305 1743 4376 prece

179 4403 282 4474 nulla
300 4405 501 4500 permoveri
520 4417 660 4499 poterat
672 4403 726 4472 vir
740 4402 950 4473 immortalis
969 4417 1008 4472 ut
1026 4427 1087 4472 sua
1107 4427 1216 4473 manu
1231 4417 1389 4473 exararet
1404 4417 1437 4472 et
1456 4401 1627 4472 Didotum
1648 4405 1741 4500 typis

177 4525 386 4597 describere
403 4524 545 4621 juberet
569 4551 647 4622 quae
666 4527 739 4621 jam
765 4525 811 4596 ab
834 4526 910 4596 aliis
926 4540 1023 4596 recte
1043 4525 1135 4596 dicta
1152 4539 1267 4596 essent
1281 4539 1317 4596 et
1331 4525 1422 4595 bene
1436 4525 1594 4622 exposita
1619 4553 1626 4595 :
1649 4551 1741 4596 nova

178 4649 297 4720 modo
316 4663 351 4718 et
365 4671 425 4718 sua
439 4647 627 4735 daturum;
643 4647 758 4718 aliena
774 4651 834 4742 qui
850 4649 1045 4738 desideret,
1061 4647 1206 4720 aliunde
1222 4649 1302 4719 huic
1316 4672 1391 4718 esse
1406 4647 1577 4744 petenda;
1595 4649 1632 4718 in
1649 4650 1759 4719 notis·

175 4797 220 4842 ea
244 4771 343 4842 libris
361 4785 535 4868 prostare.
556 4773 659 4867 Atqui
677 4797 750 4842 non
765 4787 929 4868 poterant
949 4774 985 4842 in
1001 4771 1264 4843 difficilioribus
1284 4785 1338 4842 tot
1352 4795 1501 4840 numero
1516 4771 1604 4840 locis
1619 4796 1740 4841 neces-

174 4895 275 4966 saria
289 4894 335 4965 ad
348 4895 679 4991 interpretationem
694 4897 883 4992 praeteriri,
903 4895 991 4966 dum
1005 4895 1113 4964 vicini
1127 4894 1198 4965 loci
1223 4895 1259 4964 in
1275 4895 1456 4990 exquisitis
1470 4893 1694 4991 philologicae
1708 4909 1743 4964 et
1772 4979 1776 4988 ἢ

176 5017 349 5089 literariae
366 5017 538 5088 doctrinae
552 5018 737 5114 cuppediis
749 5017 977 5088 luxuriarent.
996 5023 1047 5088 lta
1066 5020 1184 5088 evenit
1200 5032 1238 5088 ut
1256 5031 1334 5088 tum
1354 5015 1500 5113 quidem
1528 5041 1581 5086 res
1604 5016 1740 5085 faustis·

175 5141 284 5212 simis
303 5139 429 5210 avibus
441 5140 609 5212 inchoata
620 5119 662 5211 et
673 5142 747 5237 jam
767 5141 920 5211 multum
934 5158 1122 5239 provecta,
1142 5141 1261 5212 subito
1275 5141 1427 5237 abrupta
1444 5141 1679 5211 omitteretur.

230 5263 342 5351 Quod
356 5289 467 5360 quum
489 5266 673 5359 aegerrimo
688 5267 809 5336 animo
829 5265 921 5336 ferre
939 5265 1111 5335 Didotum
1133 5263 1309 5352 viderem,
1331 5288 1427 5332 anno
1455 5265 1742 5334 nboecxxxtx

179 5388 298 5458 literis
311 5387 382 5458 adii
399 5393 622 5460 anaarcun
648 5391 790 5477 Jacors,
807 5389 908 5482 cujus
927 5387 1034 5458 ntalii
1057 5409 1181 5456 omnes
1201 5409 1375 5455 summam
1402 5383 1658 5453 humanitatem
1696 5386 1741 5453 ita
