3920 5936
502 403 625 462 CAPUT
638 401 708 460 'vlt
731 399 1006 460 EPIGRnnlutn't'A
1031 401 1298 462 suentensem.
1639 403 1697 460 4Ιὸ

138 540 291 619 βαοπάμων,
309 541 322 594 ό
338 536 397 614 πρίν
413 535 532 600 πλούσιος
543 535 681 603 αἰπολίοις,
778 553 781 564 ·

60 639 71 676 4
97 628 183 704 θπρίν
197 625 272 682 -τί
286 623 368 682 πλείω
382 626 554 698 μυθεῶμαι;δ
569 631 635 679 πᾶσι
650 619 796 697 μακαρτδς,

137 711 288 794 φεῶ,γαίης
304 710 383 782 όσσης
393 709 469 768 ὅσσον
488 709 542 788 ἔχει
558 708 656 786 μόριον.

292 853 379 914 'tit
407 851 661 912 KPINAFOPOl':

97 995 257 1074 Ὀθρυάδην,
270 993 395 1073 Σπάρτης
408 991 437 1051 ab
452 993 520 1068 μέγα
531 965 614 1062 Ικλέος,
631 988 648 1059 ἢ
663 985 818 1065 Κυνέγειρον
864 967 870 978 “

134 1081 319 1162 .ναύμαχον,ἣ
335 1081 439 1140 πάντων
454 1083 517 1160 ἔργα
534 1079 610 1138 κάλει
626 1075 757 1150 πολέμων·

98 1168 188 1250 Ἄρεος
203 1169 338 1249 αἰχμητὴς
351 1168 452 1236 Ἰταλδς
464 1166 537 1246 παρδι
551 1163 668 1245 χεύμασι
682 1163 779 1235 Ῥήνου

139 1261 270 1328 κλινθεὶς,
286 1259 316 1315 ἐκ
330 1258 432 1315 πολλῶν
445 1254 573 1332 ἡμιθανὴς
589 1253 697 1332 βελέων,

100 1347 186 1404 αἰετὸν
201 1345 368 1424 ἁρπασθέντα
384 1344 459 1423 φίλου
473 1348 585 1424 στρατοῦ
600 1347 634 1407 ὡς
649 1341 684 1400 ἴδ’
694 1340 738 1398 ὑπ’
756 1342 867 1420 ἐχθροῖς,

140 1426 213 1498 α’ύτις
228 1432 385 1510 άρηῑφάτων
395 1431 499 1510 ἄνθορεν
510 1434 539 1489 ἐκ
548 1429 661 1488 νεκύων·

100 1523 203 1588 κτείνας
219 1523 241 1579 δ’
258 1520 284 1586 da
298 1520 343 1596 σφ’
353 1519 480 1596 ἐκόμιζεν,
498 1519 547 1584 ἑοῖς
560 1518 709 1576 ἀνεσώσατο
720 1516 820 1593 ταγοῒς,

142 1616 235 1685 μοῦνος
248 1610 376 1679 ἀήττητον
388 1607 524 1683 δεξάμενος
539 1604 659 1664 θάνατον.

304 1761 372 1810 aaa.
392 1747 680 1810 xuonnuntaor.

104 1889 201 1950 Οὐκέτι
217 1887 364 1964 Τιμόκλεια
376 1889 442 1945 τεῶν
456 1886 520 1966 φάος
532 1884 631 1950 ὤλεσας
645 1885 729 1943 ὄσσων

143 1975 250 2054 κούρους
263 1973 384 2052 δοιοτόκῳ
398 1973 472 2044 νηδύῖ
480 1971 630 2050 γειναμένη·

103 2064 209 2139 ὄμμασι
223 2063 247 2120 δ’
262 2065 287 2121 έν
300 2060 451 2120 πλεόνεσσιν
465 2063 550 2138 ἀθρεῖς
561 2056 721 2137 πυριθαλπές
731 2057 821 2134 ὄχημα

144 2151 251 2222 ἠελίου,
267 2149 394 2228 προτέρης
409 2139 474 2207 adua
486 2145 643 2225 τελειοτέρη.

320 2297 389 2347 lta.
414 2283 670 2346 ΑΝΤΙΠΑΤΡΟΥ.

107 2432 213 2490 Εἴκοσιν
229 2426 421 2508 Ἑρμοκράτεια
434 2424 478 2481 καὶ
493 2421 565 2478 ἐννέα
580 2418 658 2478 τέκνα
672 2425 782 2478 τεκοῦσα

145 2517 199 2575 οὗθ’
216 2516 269 2582 ένὸς
286 2513 347 2574 οὔτε
359 2523 420 2590 μιᾶς
435 2510 595 2588 αὖγασάμην
608 2509 729 2568 θάνατον,

107 2608 146 2666 Οθ
161 2607 213 2682 γὰρ
228 2600 403 2662 ἀπωίστευσεν
419 2597 494 2674 ἐμούς
507 2599 581 2668 υἱῆας
595 2595 738 2666 Ἀπόλλων,

146 2695 175 2750 οὐ
193 2683 530 2771 βαρυπενθήτονςἌρτεμις
549 2675 601 2742 εἷλε
613 2684 700 2762 κόρας·

107 2781 207 2854 έμπαλι
220 2779 242 2836 δ’
255 2778 271 2835 ἁ
282 2779 328 2854 μὲν
341 2776 429 2834 ἔλυσεν
441 2777 510 2849 ἐμῶν
522 2773 603 2830 deira
615 2774 744 2846 μολοῦσα,

146 2867 247 2932 ψοῐὸος
263 2866 285 2923 δ’
297 2867 331 2933 εἷς
344 2863 413 2934 ἥόαν
426 2862 535 2939 ἄρσενας
554 2859 668 2936 ἀγάγετο

108 2955 242 3020 ἀύλαθέας
255 2952 393 3012 νούσοισιν.
409 2947 459 3010 'ld'
470 2953 505 3015 ὡς
515 2947 608 3021 νίκημα
624 2946 730 3012 δικαίως

147 3046 239 3100 παισὶν
254 3037 298 3099 καὶ
311 3038 418 3118 γλώσσῃ
435 3041 548 3116 σώφρονι
562 3033 723 3098 Τανταλίδα.

336 3193 403 3242 744.
430 3179 653 3240 ΔΙΟΓΕΝΟΥΣ.

109 3331 155 3386 'liu
178 3325 284 3404 Μέμφει
299 3325 373 3401 λόγος
388 3321 443 3380 ἐστὶ
458 3325 549 3396 μαθεῖν
565 3316 631 3388 ἰδίην
645 3316 708 3374 ποτέ
724 3317 817 3394 μοίρην

151 3413 263 3483 Ιέύδοξον
274 3413 345 3490 παρδι
358 3416 402 3469 ccii
416 3409 563 3486 καλλίκερω
579 3405 686 3485 ταύρου·

108 3505 202 3562 κούδέν
219 3501 297 3569 ἔλεξα
312 3500 404 3571 πόθεν;
416 3493 457 3577 βοῒ
467 3497 518 3574 γάρ
534 3495 611 3574 λόγον
625 3496 654 3552 ού
667 3493 730 3570 πόρε
745 3491 844 3574 φύτλη,

148 3589 209 3651 οὐδὲ
224 3590 303 3648 λάλον
321 3587 414 3665 μόσχῳ
428 3580 515 3644 Ἄπιδι
532 3583 628 3659 στόμα·

109 3679 180 3739 aiii
195 3681 258 3755 παρ’
273 3676 350 3735 αὐτὸν
365 3675 468 3753 λέχριος
482 3670 545 3736 στάς
563 3668 727 3748 ἐλιχμήσατο
737 3666 847 3738 στόλον,

150 3767 290 3844 προφανῶς
302 3767 377 3821 τοῦτο
395 3761 536 3820 διδάσκων·
554 3785 566 3809 ι
581 3757 710 3833 Ἀποδύσῃ
723 3757 810 3834 βιοτὴν

950 545 1697 612 multa-armentapossidcns,anteadirespecudumgreg'bns,

924 638 1034 686 aulea-
1045 637 1103 698 quid
1112 637 1181 700 plura
1193 637 1290 686 dicam?
1304 635 1418 685 omnibus
1433 633 1657 696 felix-praedicatus.

955 723 1016 784 heu,
1031 725 1103 773 terras
1114 726 1211 794 quantae
1227 722 1371 785 quantulam
1385 721 1458 770 babet
1469 719 1649 784 portiunculam
1659 721 1664 765 l

1176 870 1230 915 74l.
1246 867 1446 915 obtundente.

925 1005 1080 1070 Othryaden,
1091 1008 1184 1068 Spartae
1201 1006 1284 1069 ingens
1295 1005 1385 1064 decus,
1397 1007 1440 1060 aut
1449 1005 1593 1068 Cynegirurn

959 1093 1231 1157 inuare-pugnantem,
1250 1094 1293 1140 aut
1320 1093 1464 1153 quorumvis
1486 1092 1592 1142 facinora
1612 1094 1703 1140 nrlroca

925 1179 1061 1230 mavortius
1071 1180 1140 1230 nulus
1157 1179 1233 1229 Italus
1245 1160 1320 1241 prope
1333 1179 1423 1229 liuenta
1435 1179 1512 1228 Rheni
1552 1161 1680 1242 [bellorum
1696 1200 1700 1225 :

957 1268 1119 1327 decumbens,
1132 1281 1163 1316 ex
1174 1267 1257 1316 multis
1269 1267 1441 1316 semimortuus
1456 1268 1524 1324 telle,

926 1357 1032 1418 aquilam
1045 1357 1138 1418 raptam
1153 1355 1190 1404 sui
1203 1353 1323 1420 exercitus
1333 1356 1361 1404 ut
1374 1354 1435 1403 ridit
1444 1355 1490 1404 sub
1501 1354 1625 1414 hostibus,

927 1493 931 1508 ,
957 1457 1042 1493 rursus
1056 1431 1319 1505 interiectis-inpugna
1334 1442 1427 1492 exsiliit
1438 1457 1452 1491 e
1465 1442 1581 1498 mortuis3

893 1597 896 1604 Ι
926 1533 952 1582 et
967 1530 1180 1594 quumoccidisset
1193 1529 1236 1592 qui
1249 1543 1303 1578 eam
1315 1529 1419 1588 ferebat,
1435 1531 1487 1579 suis
1497 1530 1704 1580 servatam-resti·

958 1620 1025 1668 solus
1039 1618 1153 1668 invictam
1163 1619 1249 1667 nactus
1262 1619 1373 1667 mortem.
1514 1617 1694 1680 [luitduoibus

1170 1766 1225 1811 742.
1246 1762 1465 1812 APOLLONIDAE.

927 1906 980 1954 Non
991 1943 997 1963 ‚
1013 1903 1147 1964 Timoclea‚
1157 1906 1257 1952 tuorum
1268 1902 1350 1951 lumen
1364 1899 1466 1950 amisisti
1476 1901 1601 1949 oculorum
1613 1939 1618 1960 ,

957 2003 1047 2054 pueros
1059 1989 1292 2054 geminos-pariente
1302 1992 1374 2038 utero
1383 1988 1467 2044 οιιίκος

928 2079 1005 2129 oculis
1015 2092 1074 2128 vero
1089 2078 1131 2141 (inl
1141 2077 1251 2140 pluribus
1260 2091 1330 2127 nunc
1342 2079 1437 2140 spectas
1450 2076 1638 2126 fervidissimum
1650 2087 1707 2124 cur-

960 2166 1032 2226 solis,
1046 2165 1162 2228 priore-te
1177 2164 1242 2213 laeta
1254 2163 1394 2226 perfectior,
1636 2161 1708 2224 [rum

1191 2307 1244 2353 743.
1268 2305 1444 2353 satientur.

929 2445 1019 2510 Viginti
1029 2447 1200 2495 Hermocratea
1212 2448 1237 2494 et
1248 2457 1335 2493 novern
1348 2443 1437 2492 liberos
1448 2442 1518 2492 enixa

960 2547 1040 2595 neque
1052 2547 1128 2581 nuum
1141 2545 1219 2594 neque
1229 2545 1303 2580 unam
1316 2529 1366 2579 ridi
1379 2532 1508 2579 mortuam.

930 2623 982 2670 Non
991 2621 1056 2670 enim
1066 2619 1268 2684 sagittis-conligit
1281 2631 1349 2668 meos
1363 2617 1425 2667 tilios
1439 2617 1537 2680 Apollo,

961 2719 1009 2754 nou
1022 2705 1251 2770 graviter-lugendas
1268 2705 1345 2754 Diana
1359 2704 1439 2767 rapuit
1453 2705 1544 2767 puellas
1559 2724 1565 2752 ι

931 2795 974 2844 sed
988 2797 1072 2844 contra
1085 2794 1140 2844 haec
1153 2793 1252 2856 quidem
1270 2793 1342 2842 soluit
1354 2807 1462 2842 nicarum
1474 2795 1558 2854 partus
1569 2791 1707 2851 adveniens,

962 2882 1069 2932 Phoebus
1084 2885 1167 2932 autem
1178 2882 1207 2931 ad
1218 2882 1371 2944 pubertatem
1385 2893 1465 2929 mares
1474 2879 1542 2928 duxit

932 2969 1022 3020 illaesos
1033 2969 1132 3019 morbis.
1145 2972 1181 3018 Eu
1196 2967 1318 3030 quomodo
1330 2968 1402 3016 vinco
1415 2967 1589 3017 nec-immerito

962 3058 1044 3108 liberis
1052 3061 1078 3108 et
1090 3057 1171 3125 lingua
1181 3055 1290 3106 modesta
1299 3055 1456 3132 Tantalidem.

1090 3259 1095 3270 γ
1148 3199 1201 3246 744.
1219 3197 1368 3246 DIOGENIS
1384 3195 1494 3242 Lxxxx.

933 3337 1040 3398 Memphi
1053 3336 1119 3386 lama
1131 3338 1169 3386 est
1183 3335 1297 3384 didicisse
1311 3335 1437 3397 proprium
1453 3333 1510 3382 olim
1525 3333 1602 3382 latum

965 3424 1092 3474 Eudoxum
1105 3423 1450 3486 apulclrra·babente-c0rnua
1463 3424 1542 3470 tauro.

936 3515 1001 3564 Etis
1018 3513 1077 3562 nibil
1089 3513 1168 3572 dixit,
1187 3513 1269 3562 unde?
1285 3511 1341 3561 bovi
1356 3511 1419 3560 euim
1432 3510 1552 3572 loquelam
1570 3523 1617 3558 non
1629 3509 1713 3558 tribuit

965 3613 1043 3662 neque
1057 3601 1179 3664 garrulum
1192 3600 1297 3661 juvenco
1312 3599 1382 3662 npidi
1398 3612 1427 3647 os
1447 3613 1453 3640 ε
1594 3597 1712 3660 inutilia,

936 3687 979 3738 scd
989 3690 1059 3751 Juxta
1068 3702 1124 3737 eum
1135 3687 1341 3757 acclinis-pbliquc
1353 3689 1421 3736 stans
1430 3685 1516 3736 lambit
1526 3689 1619 3734 restem
1630 3722 1637 3746 ‚

967 3775 1049 3836 aperte
1063 3774 1109 3822 boc
1123 3773 1229 3832 docens,
1241 3792 1253 3815 ιι
1266 3777 1349 3822 bxues
1363 3773 1439 3822 vitam

127 3861 1709 3890 W

145 3932 220 3981 Dives
233 3940 257 3979 et
269 3927 382 3978 armentis
390 3928 541 3991 lanigeroque
550 3939 626 3989 grege,

109 4019 139 4064 tn
152 4030 184 4062 ne
195 4013 270 4060 multa
282 4011 374 4075 loquar,
384 4009 440 4057 ielix
454 4024 526 4072 super
541 4005 633 4055 omnia.
648 4015 716 4053 terrae

144 4095 298 4159 Quantillum
313 4109 340 4141 ex
354 4079 444 4157 quanto
457 4106 522 4139 nuno
535 4088 608 4137 habet
621 4088 662 4136 ille
674 4091 757 4136 saraim!

414 4217 469 4269 ptr.
484 4222 636 4254 enneaconta.

108 4331 179 4395 Quid
193 4345 257 4377 mmo
265 4327 413 4392 Othryades,
428 4325 486 4390 quid
500 4341 564 4373 nunc
575 4323 704 4388 Cynegirus
715 4322 740 4370 in
751 4321 819 4370 undis

145 4420 293 4471 necemus,
305 4410 362 4475 quid
378 4419 413 4458 lot
425 4408 486 4458 iacta
498 4417 589 4456 uetusta
602 4407 699 4455 rirrlm?

108 4500 189 4550 Italus
201 4496 232 4545 ad
244 4494 356 4543 Rhenum
368 4494 470 4542 telorum
482 4491 595 4554 grandine
611 4505 710 4546 naerens,

143 4584 249 4642 Janupre
261 4576 337 4625 solum
348 4574 394 4623 rita
405 4573 529 4622 deficiente
545 4587 654 4636 premens
665 4605 671 4624 ,

108 4669 227 4727 Ereptum
244 4657 312 4708 soniis
324 4658 427 4722 aquilam
440 4656 562 4720 conspexit
580 4653 610 4700 ab
626 4652 711 4712 hoste,

144 4748 177 4794 Et
189 4742 260 4792 sicud
272 4757 286 4789 c
299 4739 381 4789 mediis
395 4738 512 4802 stragibus
524 4735 628 4784 exsiluit.

109 4835 175 4880 Mox
183 4827 288 4891 aquilam
298 4824 397 4874 ducibus
406 4838 464 4871 caeso
478 4829 574 4886 raptore
584 4825 690 4882 reportat
705 4832 710 4864 :

144 4911 210 4961 Huic
225 4909 267 4958 soli
280 4908 347 4958 licuit
361 4907 470 4966 vincere,
483 4903 539 4951 dum
552 4901 661 4948 moritur.

397 5040 453 5101 743.
472 5051 614 5085 xnrxrnrnr.
712 5044 713 5048 ’

110 5169 175 5214 Cum
186 5161 292 5226 quinque
305 5156 419 5207 ediderim
433 5164 517 5220 quater
527 5157 697 5202 ilerruoeratea
708 5163 840 5212 nouemque

972 3921 1087 3986 Pignora,
1100 3939 1148 3971 nou
1160 3933 1244 3984 natus,
1256 3940 1303 3971 non
1316 3922 1374 3971 mihi
1384 3931 1439 3970 nata
1449 3919 1511 3986 perit
1527 3936 1533 3969 :

939 4006 993 4052 Non
1007 4002 1079 4052 vitam
1094 4003 1183 4052 teneris
1195 4004 1274 4068 rapuit
1284 4005 1360 4052 Diana
1373 3997 1473 4068 pdellis‚

973 4089 1026 4135 Non
1039 4102 1124 4150 pueros
1136 4085 1189 4134 telis
1201 4085 1253 4134 lixit
1266 4085 1354 4150 Apollo
1364 4099 1435 4132 meos.

939 4171 1003 4234 Quin
1016 4170 1088 4233 magis
1099 4170 1128 4218 ad
1141 4179 1223 4236 partus
1234 4185 1260 4219 se
1269 4169 1379 4236 praestitit
1390 4168 1433 4216 illa
1441 4167 1567 4224 laventem,

972 4256 1001 4300 Et
1013 4251 1117 4301 maribus
1130 4252 1227 4317 plenum
1242 4251 1317 4302 robur
1328 4251 1416 4318 Apollo
1429 4249 1508 4308 dedit,

940 4338 1058 4382 intactum
1071 4333 1171 4383 morbis.
1184 4333 1223 4382 Sic
1233 4342 1280 4382 tam
1296 4331 1356 4380 mihi
1370 4331 1465 4380 uincere
1477 4329 1546 4395 prole

972 4415 1135 4478 Tarrtalidem,
1150 4415 1229 4478 lingua
1241 4430 1312 4479 quam
1326 4413 1432 4479 sapiente
1444 4411 1524 4460 datum
1541 4419 1586 4458 est.

1165 4584 1220 4635 744.
1241 4589 1355 4624 croceum
1372 4587 1485 4620 exurar.

940 4728 1063 4777 Eudoxum
1076 4729 1123 4790 (sie
1134 4729 1196 4778 fama
1209 4726 1308 4788 reteri),
1321 4739 1375 4773 cum
1387 4721 1527 4788 Memphidn
1543 4721 1613 4774 vidit.
1659 4773 1662 4780 Ι

941 4817 997 4862 Fata
1007 4829 1048 4862 sua
1062 4814 1157 4863 edocuit
1164 4812 1250 4862 lunatis
1262 4809 1375 4859 cornibus
1392 4805 1457 4872 Apis.

942 4897 982 4947 Nil
992 4897 1101 4962 equidem
1111 4897 1171 4946 dixit
1182 4899 1274 4960 (neque
1287 4893 1351 4942 enim
1363 4901 1449 4940 natura
1459 4889 1576 4954 loquelam

942 4979 1063 5028 Concessit
1076 4993 1205 5042 vocemque
1219 4976 1288 5037 boui)
1301 4973 1341 5023 sed
1355 4972 1477 5038 proximus
1489 4971 1582 5018 adstans

944 5062 980 5111 Ad
990 5061 1062 5118 latus,
1075 5060 1130 5108 inde
1139 5059 1217 5122 palam
1227 5056 1305 5108 Cnidii
1314 5053 1436 5104 lambebat
1451 5052 1561 5110 amictus,

945 5149 999 5208 Quo
1013 5143 1085 5191 ritnur
1097 5150 1195 5189 exueret
1210 5155 1284 5206 prope
1299 5148 1391 5202 tempus
1408 5137 1487 5184 adesse
1500 5133 1608 5196 figurans.
