3920 5936
686 461 723 522 ln
739 463 863 524 CAPUT
882 467 928 526 vn
951 469 1176 532 annotino.
1652 485 1711 542 473

120 590 229 648 μέθυσον.
249 607 260 629 a
284 589 311 636 in
330 588 443 638 lemmate
460 591 620 640 annotationis
636 593 790 644 'sacomam
807 609 897 648 nomen
1001 603 1127 668 τὀλεστγᾰρ
1139 605 1236 660 πολλοὺς
1246 606 1285 654 καὶ
1295 608 1387 669 γαστέρι
1398 615 1476 671 χεῖρας
1489 609 1579 669 ἔθηκεν,

121 656 242 704 Λεωνίδου
264 656 360 706 videtur
380 671 434 708 esse
452 658 535 720 lapsus
546 660 645 720 calami,
657 661 722 724 quod
734 663 895 729 aitirmarem,

119 724 144 772 ni
157 725 314 774 Paulssonius
327 727 606 790 taceretnpograpbum
620 731 673 779 Par.
686 731 820 782 etaliilibri
829 739 896 784 Διοσ·
941 737 981 785 ubi
994 744 1075 802 χεῖρας
1088 739 1171 801 θρῆνον
1189 741 1345 792 scribendum
1364 747 1409 795 est.
1432 766 1443 788 ν
1454 753 1506 798 -4
1526 749 1589 798 inter
1608 756 1676 812 γρῆῡς
1691 754 1717 800 et

119 795 221 857 νορίθου.
237 815 249 839 ν
264 797 294 844 Β.
308 796 428 846 timaret
445 796 519 848 etiam
535 799 635 848 lieinelr.
651 813 674 862 p.
697 805 749 852 los.
760 808 811 852 -4
821 807 896 862 inum
941 812 1036 868 μεστῶν
1048 821 1122 870 supra
1135 810 1250 873 scriptum
1262 815 1384 876 ri·;‚quod
1397 815 1469 866 etiam
1483 818 1508 866 in
1521 820 1582 869 serie
1596 821 1714 883 sequitur.

120 865 200 925 iden.⁹
219 866 287 923 ληνὸν
304 863 376 926 (lod,
388 865 431 929 qui
450 866 475 914 in
496 867 544 918 line
566 870 629 932 Ιχει,
650 883 711 920 οοττ.
733 872 839 932 Jacobs.;
852 875 895 938 ἔχῃ
941 875 1010 925 Unde
1028 877 1157 928 Jacobsius
1169 881 1272 942 conjecit
1286 885 1301 940 ἡ
1316 889 1385 945 γρῆυς
1400 888 1451 943 τάς
1467 895 1562 948 μαστῶν
1582 892 1613 946 ῶς
1633 892 1716 954 ἀντέχει
1782 922 1785 928 -

120 935 187 985 Plan.
774 994 781 1014 ἢ
940 947 1048 1008 χάριτας,
1063 968 1074 990 ο
1089 949 1152 998 sicin
1169 949 1232 1000 inira
1244 964 1282 1014 ep.
1293 957 1348 1012 468,
1362 963 1376 1006 o
1388 976 1394 1005 τ
1404 957 1429 1005 αλ
1439 958 1477 1020 αἶ,
1490 959 1531 1016 τὰς
1547 967 1645 1019 μαστῶν
1660 965 1716 1024 ψευ-

151 1059 269 1108 convii.
283 1059 382 1107 Lemma
397 1071 403 1100 :
419 1059 451 1112 εἰς
465 1059 589 1121 ’spartian
605 1063 646 1120 τὴν
667 1065 765 1124 μέθυσον
778 1070 896 1114 πεσοῦσαν
940 1019 1037 1080 mm*
1052 1036 1162 1082 mum
1176 1021 1244 1083 qum
1256 1037 1284 1072 ex
1298 1025 1439 1077 cammah,
1450 1041 1525 1093 ψῃ
1540 1043 1690 1095 fflpmum'
1704 1056 1716 1078 ⁹

119 1129 143 1176 tv
153 1135 188 1190 τῷ
198 1131 260 1190 ληνῷ
270 1129 310 1177 καί
323 1130 499 1189 άπαττντγείσαν.
510 1133 540 1180 at
549 1131 631 1194 pacilio
640 1133 739 1184 imerius
749 1154 754 1184 :
765 1135 847 1198 κλέψαι
856 1137 896 1186 τὸν

119 1199 183 1248 οἶνον
200 1198 319 1260 νομίσασα
339 1199 378 1246 ὑπ’
389 1198 461 1250 αὑτοῦ
477 1203 608 1252 κέκλασται.
619 1203 664 1252 vir
673 1217 735 1266 opus
750 1209 788 1255 est
803 1207 896 1257 moneri

119 1282 150 1317 ex
164 1280 192 1316 re
204 1267 280 1317 inisse
293 1265 349 1318 ncta
360 1268 458 1318 nomina
470 1271 591 1333 Μαρωνίς,
610 1274 724 1332 Σειληνίς,
742 1277 855 1336 Ἀμπελίς.
865 1303 897 1314 -
917 1247 920 1306 i

122 1343 131 1386 l
146 1338 270 1394 σιήτεονος
284 1335 326 1388 hic
339 1351 437 1400 quoque
449 1339 520 1399 cod,
530 1339 597 1402 quod
610 1354 623 1389 a
635 1343 733 1400 σκήττω
747 1343 894 1404 ducebatur;

119 1409 184 1457 ooni.
196 1410 240 1467 vl,
250 1411 305 1468 293,
315 1411 424 1466 1.-³‚i
433 1411 545 1466 νεοθλιὸὲς
554 1411 641 1468 ὴθᾰττθ
649 1411 718 1469 ληνοῦ
726 1420 798 1476 πῶμα
808 1416 895 1465 κύκλων

119 1484 181 1526 ιιιεῑν
194 1480 329 1538 τλησαμίνη
348 1477 440 1538 Codex,
456 1479 523 1541 quod
536 1479 630 1544 egregie
645 1483 787 1534 emendavit
800 1487 894 1536 llccle·

120 1562 172 1598 rus.
184 1547 329 1598 nubitabam
340 1548 446 1611 primum
464 1550 531 1612 quod
546 1551 644 1602 nriuime
655 1555 713 1603 εἷλεν
721 1554 844 1616 ampotis,
859 1559 896 1606 ut·

118 1619 176 1679 pote
191 1617 243 1679 τρίν
255 1617 339 1679 άράοαι
359 1616 477 1679 demersa,
491 1621 516 1669 et
528 1622 662 1682 πληοομίνη
675 1623 838 1686 requirebam,
852 1625 896 1674 sed

119 1687 158 1734 est
169 1687 311 1748 antequam
332 1700 378 1736 ore
393 1685 523 1749 hauriret,
536 1692 564 1739 ut
575 1703 614 1752 ap.
630 1695 724 1754 nnyten
737 1696 776 1754 lx,
790 1691 829 1758 e'p.
839 1701 894 1755 31³,

121 1761 157 1802 2:
175 1755 260 1816 άρύσαι
274 1755 375 1816 νάματος
389 1757 431 1816 ἡδὺ
449 1758 523 1819 τάμοι,
540 1761 565 1809 et
580 1761 692 1822 sequenti
710 1775 793 1824 versu,
810 1765 895 1825 ἔκαμεν

1205 1875 1713 1942 ιι

118 1967 156 2014 rat
168 1965 273 2015 Jacobsii
285 1966 476 2016 emendationem
489 1968 513 2016 in
524 1969 626 2019 Deiecto
636 1983 659 2033 p.
670 1975 716 2020 444
725 1971 842 2034 prolatam
858 1993 863 2020 :
940 1945 1714 2080 ἓᾘῐπξῖἒῖῖὲῖῗώῇὲἴᾞέῐᾘῗὼξῖῧέῗζζὲω“ῃὲωῗξὲξᾞζ

183 2085 292 2151 parmen·
300 2077 403 2154 3422020
414 2093 526 2148 ,ωγγςγρ
534 2093 593 2153 file·
604 2093 651 2142 erro
666 2095 736 2152 iecori
941 2083 1039 2132 Grotius
1048 2084 1073 2132 et
1082 2083 1197 2133 Valcien.
1206 2084 1237 2134 ad
1245 2085 1347 2135 Theocr.
1355 2086 1434 2136 Adon.
1447 2099 1469 2150 p.
1478 2091 1532 2138 noo.
1546 2090 1610 2163 liele
1618 2091 1714 2154 legeba-

211 2166 284 2223 σῶμα
295 2163 380 2252 alfric
387 2179 398 2211 ε
405 2162 418 2210 θ
426 2179 477 2222 ειν,
488 2164 626 2224 πλησαμὲνη
636 2167 735 2226 κύλικα,
940 2154 1142 2271 ξῐῠξὸἑνέἰίαῑα
1151 2153 1333 2274 silita-Militat·
1342 2157 1362 2240 ἒξ
1372 2160 1448 2275 flam·
1459 2185 1490 2242 .-
1501 2159 1629 2276 {efitffiiqi
1639 2162 1712 2280 (iiiiii

119 2292 143 2340 in
156 2291 247 2354 quibus
259 2291 309 2352 ἦλθ’
321 2294 359 2342 est
370 2293 474 2351 lteisirii3
489 2293 618 2344 denoteris
631 2298 685 2344 Jnc.
703 2315 709 2344 ι
728 2314 739 2338 τ
756 2295 895 2345 Delevimus
940 2235 1215 2356 seiiinoiliaiii’pioirie
1224 2237 1261 2344 iicc
1269 2243 1394 2358 ίτίχὲῒηττκ
1407 2241 1712 2360 Ygiemiritxe'gniiiateeliiidiiiri

119 2361 236 2422 syllabam
248 2379 287 2420 ιν,
298 2375 366 2425 qua,
376 2375 437 2413 voco
447 2365 572 2413 uirentem
579 2364 700 2428 discerpta
712 2367 737 2415 et
745 2368 896 2428 corrupta,e
940 2362 1067 2424 scripturae
1083 2362 1260 2414 dubitationem
1278 2365 1337 2414 mibi
1348 2367 1461 2416 movebat
1470 2367 1537 2429 quod
1549 2372 1635 2419 notum
1651 2371 1711 2421 illud

118 2431 217 2481 librario
228 2431 283 2482 addi
295 2435 387 2495 potuit,
401 2435 450 2482 νιλιο
460 2434 490 2484 de
500 2436 579 2498 κύκλῳ
593 2447 721 2498 superesse
731 2435 894 2486 existimante.
916 2477 919 2496 ,
939 2433 971 2480 sii
984 2432 1030 2480 libi
1045 2433 1117 2492 ienis,
1129 2433 1213 2496 inquo
1226 2436 1291 2483 terra
1300 2435 1397 2497 proprio
1413 2449 1487 2486 sensu
1500 2437 1604 2500 capitur,
1616 2444 1712 2502 aposta

116 2525 148 2535 -
158 2509 181 2551 5.
196 2501 384 2560 γγρῃργγγγρῃγρ,
399 2502 423 2551 1„
437 2503 675 2567 poeumpfoecrppm
684 2507 721 2554 est
734 2509 760 2555 ρς
771 2509 895 2566 tamquam
916 2503 919 2589 i
939 2502 974 2550 ita
996 2505 1141 2565 usurpatum
1164 2503 1289 2563 videbun,
1305 2508 1334 2553 ut
1351 2504 1376 2554 in
1390 2506 1548 2584 sequentibus
1561 2507 1645 2558 inieris
1665 2509 1712 2560 diis

116 2573 217 2620 vetusta
230 2571 298 2621 navis
311 2572 400 2622 rimosa
411 2571 436 2621 in
447 2576 522 2635 ponto
540 2573 675 2623 submersa.
694 2595 706 2617 »
722 2579 778 2625 Joc.
790 2601 822 2610 -
835 2583 849 2626 o
863 2579 895 2632 ὡς
916 2596 919 2684 ρ
940 2573 1106 2650 acceptimus·
1122 2571 1259 2652 4044446444
1272 2573 1339 2635 441οᾶ
1357 2573 1504 2654 adjectivum
1518 2579 1602 2656 κῦῡνντ
1621 2576 1651 2658 ds
1665 2577 1713 2630 diis

939 2643 1049 2702 proprtns
1062 2640 1155 2690 dictum
1169 2642 1228 2690 mibi
1239 2657 1331 2692 novum
1342 2643 1475 2694 accidebat.
1491 2649 1543 2694 Non
1556 2647 1661 2708 impedio
1670 2653 1708 2698 ta·

971 1170 1074 1219 GDLiX.
1086 1173 1186 1221 Lemma
1198 1192 1204 1220 τ
1219 1177 1250 1229 είς
1261 1175 1362 1236 Κρηθίδα
1374 1179 1416 1234 τήν
1428 1179 1517 1238 Σαμίαν
1529 1182 1572 1238 τὴν
1584 1183 1716 1244 πολύμυθον

941 1241 981 1287 καὶ
999 1240 1131 1302 παίστρταν.
1142 1269 1172 1282 -
1185 1248 1204 1292 l.
1220 1263 1231 1284 n
1250 1245 1386 1306 Πολὺμυθον
1403 1260 1451 1296 non
1465 1247 1562 1299 videtur
1579 1250 1672 1302 dictum
1692 1251 1716 1301 in

941 1309 1161 1373 vituperationem,
1175 1325 1222 1361 uon
1237 1314 1313 1376 magis
1325 1328 1399 1377 quam
1413 1318 1480 1374 λαλίη
1492 1319 1599 1382 append.
1611 1334 1649 1384 ep.
1661 1329 1715 1382 aio,

941 1379 1217 1442 sollemnissime:
1231 1385 1262 1440 V,
1277 1396 1315 1445 cp.
1333 1389 1385 1434 iil.
1398 1385 1453 1436 nid.
1465 1387 1591 1438 nubnkeo.
1609 1389 1640 1438 ad
1652 1393 1713 1440 iter·

941 1447 1078 1496 mesianact.
1091 1452 1129 1508 le,
1139 1463 1164 1512 p.
1175 1454 1229 1500 297.
1237 1453 1310 1501 νάσο.
1318 1461 1370 1502 -2
1380 1454 1477 1511 δίζονταε
1485 1455 1563 1518 Plan.;
1572 1459 1667 1522 οαμίην,
1677 1473 1715 1508 su·

941 1517 1063 1579 perposito
1075 1536 1104 1577 o,
1114 1518 1185 1578 θοάς
1196 1521 1290 1580 Σαμίων
1304 1522 1371 1572 Ρίοο.
1384 1549 1415 1560 -
1428 1526 1548 1582 :littoreo
1563 1531 1588 1577 et
1599 1530 1634 1578 ἀεὶ
1647 1529 1716 1578 λάλον

941 1585 1010 1646 iibri,
1020 1601 1082 1636 corr.
1092 1589 1195 1638 Meinelr.
1206 1616 1235 1626 -
1243 1595 1267 1640 4,
1278 1594 1306 1640 ln
1315 1594 1402 1644 τάσαεε
1412 1595 1498 1644 merito
1511 1597 1615 1648 ostendit
1625 1599 1715 1650 licina·

941 1656 1010 1714 lius,
1024 1658 1067 1718 qui
1078 1659 1147 1708 malit
1163 1661 1284 1722 τάντεσσ,
1302 1665 1354 1712 «οε
1366 1662 1486 1726 Theognis
1503 1667 1539 1716 ni.
1554 1674 1583 1718 ito
1596 1668 1620 1717 in
1631 1669 1716 1720 mdenr

941 1739 1026 1776 versus
1040 1730 1108 1790 parte
1122 1727 1184 1778 dixit
1197 1731 1438 1782 censentientem.»

116 2645 173 2695 νοῦς
183 2642 224 2689 bn.
234 2638 306 2698 cod„
314 2640 380 2702 quod
392 2641 501 2691 certatim
508 2647 664 2692 correxerunt
673 2645 781 2704 Passer„
790 2645 893 2694 bleinet.
907 2671 910 2682 ·

116 2709 141 2758 in
158 2709 231 2760 (iuris
245 2709 309 2760 critt.
323 2709 355 2760 ad
371 2712 439 2761 cnm.
459 2727 482 2775 p.
498 2719 525 2763 le
536 2716 561 2762 et
578 2713 767 2763 Friedemannus
780 2717 816 2764 lie
828 2714 892 2764 med.
939 2723 994 2758 men
1007 2711 1139 2772 quominus
1149 2713 1214 2762 άλλοι
1228 2716 1349 2774 serretur,
1360 2714 1405 2764 sed
1415 2717 1443 2764 ut
1455 2719 1552 2778 poetam
1562 2715 1629 2777 iusto
1638 2720 1712 2782 negli-

116 2781 171 2842 syli.
182 2783 247 2842 pent.
260 2794 284 2845 p.
296 2785 354 2837 3²8:
367 2780 487 2844 iidemque
495 2781 543 2832 rine
555 2783 714 2846 precedentis
725 2797 811 2833 versus
824 2790 893 2846 γραῦς
939 2781 1036 2843 gentius
1044 2782 1152 2832 locutum
1164 2796 1218 2833 esse
1231 2783 1359 2834 fateamur.
1378 2804 1389 2827 ι

115 2867 144 2912 γε
158 2851 259 2909 παλαιή,
271 2851 336 2914 quod
345 2852 398 2900 Jac.
416 2853 549 2902 rectissime
567 2853 712 2916 repudiarit,
725 2854 784 2903 item
798 2855 892 2904 liecle-

115 2935 169 2982 rus¹
177 2921 256 2984 quibs
262 2926 316 2977 ναῦς
340 2921 723 2984 θθάρθχιοςνθλὲμθύθεοςίυσοτοί.
732 2922 894 2977 Βοθλτίοτναῶς
970 2919 1073 2967 CDLXi.
1090 2921 1206 2970 Lemma:
1218 2922 1249 2975 εἰς
1267 2921 1390 2982 Αίσιγὲνην
1403 2923 1456 2970 τινὰ
1470 2923 1566 2978 εὐτελῶς
1581 2923 1710 2987 βιώσαντα,

115 2991 225 3054 ᾐίισοάρ.
237 2990 322 3052 modo,
336 2989 362 3039 id
377 2992 414 3039 est
432 2990 493 3039 οίνου
508 2995 590 3052 ζωροῦ.
606 2995 669 3040 -7,
681 2995 756 3053 napa.
775 3011 786 3034 ιι
807 2993 894 3055 ieiuna
938 3013 969 3022 -
982 2995 1003 3036 ν.
1021 3007 1032 3030 ο
1048 2989 1173 3040 Sollemnis
1187 3003 1243 3052 quce
1255 2989 1376 3040 defunctis
1394 2991 1523 3042 acclamari
1535 2992 1596 3044 solet
1611 2995 1713 3046 formula

115 3059 315 3110 commemoratio
324 3059 487 3118 monumenti,
502 3059 527 3108 in
536 3059 584 3109 bac
596 3061 731 3122 praesertim
741 3073 780 3116 re.
792 3074 847 3122 quae
861 3060 893 3109 si·
938 3057 985 3106 lmc
993 3059 1047 3108 ioco
1055 3058 1163 3110 adbibita
1173 3061 1225 3109 viro
1234 3061 1309 3124 probo
1318 3065 1351 3122 et,
1363 3064 1391 3112 ut
1401 3061 1507 3124 ridetur,
1521 3069 1621 3114 strenuo
1635 3085 1641 3114 ι
1656 3081 1712 3116 nam

114 3127 575 3192 gnificantiusquidrequirereridetur‚
588 3129 893 3180 commovitliiclrsiedimn
914 3117 918 3246 Ι
939 3128 1029 3178 inertes
1042 3131 1100 3178 sunt
1107 3129 1229 3192 pondero
1243 3133 1327 3182 terre.
1339 3133 1420 3182 ninus
1432 3135 1511 3197 placet
1522 3133 1589 3197 quod
1602 3137 1711 3186 nonnulli

116 3202 146 3248 ut
161 3205 235 3260 σῶμα
254 3198 391 3262 corrigeret.
414 3199 516 3248 Obstare
533 3202 614 3249 tamen
628 3199 726 3250 videtur
738 3200 803 3262 quod
818 3200 891 3248 modo
914 3251 917 3274 Ι
938 3197 987 3246 hoc
1003 3198 1124 3250 dinticlron
1139 3200 1170 3250 de
1184 3199 1281 3253 bomine
1300 3217 1381 3266 parvm
1395 3207 1496 3254 stature
1511 3207 1536 3254 et
1544 3204 1626 3268 gracili
1645 3207 1710 3254 acci-

114 3283 141 3318 ν.
155 3273 167 3318 4
184 3275 257 3330 σῶμα
271 3267 369 3318 diversa
380 3271 418 3319 est
431 3269 605 3332 significatione
617 3271 733 3333 positum.
749 3289 761 3314 ιι
775 3272 832 3320 ίοτ.
845 3270 893 3327 Qui
938 3268 1018 3329 piunt,
1034 3271 1061 3318 ut
1071 3271 1186 3321 Martialis
1199 3271 1224 3320 in
1236 3272 1347 3322 versibus
1356 3285 1419 3335 quos
1430 3273 1569 3336 Lessingiue
1582 3285 1613 3323 ex
1624 3275 1710 3324 lielen-

114 3353 161 3403 pro
181 3339 259 3388 λάϊνον
280 3339 340 3389 scite
362 3338 471 3388 tentabat
489 3340 574 3400 λήνιον,
591 3338 762 3389 diminutivum
785 3339 893 3388 nondum
937 3349 981 3397 gro
993 3349 1184 3408 expressosesse
1198 3339 1364 3402 existimabat,
1378 3341 1409 3391 de
1422 3343 1503 3404 puelle
1518 3345 1548 3403 V,
1565 3357 1603 3406 ep.
1621 3349 1659 3406 st,
1672 3351 1709 3396 a:

113 3408 174 3458 alibi
183 3411 314 3472 repertum.
329 3407 423 3458 Placuit
433 3411 515 3458 tamen
524 3414 597 3470 σῶμα
604 3409 712 3458 liectem
723 3429 729 3458 ι
741 3427 754 3452 ε
765 3421 822 3458 nam
830 3409 893 3471 adjc
913 3417 917 3478 γ

113 3477 211 3527 ctirum
231 3477 316 3533 λάϊνον,
336 3477 406 3538 piare
418 3479 448 3526 ut
459 3477 565 3538 γείτονα,
577 3491 626 3527 non
646 3491 702 3527 cum
721 3482 807 3540 σῶμα,
826 3479 892 3540 quod
913 3487 916 3584 ρ
989 3475 1444 3550 ,1401Ιί41144ΓΙεΙξΙωθὲψθόῐθάίῑΜι
1459 3495 1500 3556 nec
1514 3484 1560 3534 nli,

113 3547 356 3610 pmxjmnffihufig
365 3547 511 3610 appositum,
521 3547 565 3596 sed
573 3549 725 3610 flumem„
733 3547 890 3613 jungendum¹
1015 3539 1095 3592 terra,
1109 3551 1182 3595 gravis
1193 3539 1263 3586 lucris
1275 3552 1281 3582 =
1298 3555 1345 3588 non
1357 3542 1400 3588 luit
1414 3545 1452 3589 ilia
1463 3547 1511 3591 trbt.

115 3619 197 3680 ntep.
216 3620 296 3676 701,4
315 3637 322 3665 ι
340 3617 454 3666 λάϊνον...
470 3617 531 3666 τόνδ’
547 3617 769 3678 accenseam-et
785 3589 916 3706 epbtthi
953 3663 958 3672 .
987 3663 1009 3674 ..
1064 3664 1069 3674 .
1258 3667 1263 3678 ,

114 3695 129 3736 2
146 3708 152 3736 ι
164 3688 231 3748 τάφῳ
244 3689 301 3750 τῷδ’
310 3687 347 3736 ini
358 3687 503 3750 μαρμαρίνῳ.
516 3690 628 3738 Fortasse
637 3689 717 3737 tamen
727 3691 827 3750 prestat
837 3709 843 3737 ι
854 3689 891 3738 ἐπὶ
913 3719 917 3772 ρ
935 3665 1049 3714 ε’ΜΜΕΓ
1062 3677 1087 3714 ¹¹¹
1098 3665 1196 3716 intimi
1211 3669 1346 3730 milve
1359 3681 1396 3732 ⁰1³·
1414 3672 1458 3719 ²⁴⁶
1472 3689 1478 3716 ²

112 3757 198 3840 “fimi
245 3757 354 3838 ΜΨ·
366 3759 458 3818 idm·
471 3759 601 3838 ’'stim“
611 3757 697 3808 'stium
707 3757 785 3808 3¹¹⁰⁵⁸⁰
796 3758 821 3806 5¹¹
833 3772 891 3808 ΜΕ
913 3785 916 3798 “
990 3788 1109 3841 Terraque,
1123 3798 1172 3841 quae
1185 3791 1256 3832 mater
1265 3799 1328 3833 rrunc
1336 3791 1371 3834 est
1381 3789 1433 3842 tibi,
1444 3791 1474 3834 sit
1486 3791 1539 3834 nvn
1548 3803 1603 3841 οτος

113 3831 203 3886 λῦῑθθνι
217 3829 253 3876 02¹
262 3839 352 3888 requiri
370 3826 550 3876 SUbSiflflllVUffl
570 3840 655 3888 mmo
674 3839 704 3877 0³¹
726 3840 776 3889 (1¹¹⁰
788 3827 892 3890 pendeat
1027 3849 1127 3903 neroque
1138 3849 1275 3904 gravianulll
1287 3851 1331 3894 vita
1344 3848 1387 3895 iuit
1397 3853 1468 3908 pueri.
1485 3868 1494 3894 ι

113 3899 217 3960 γείτονα.
230 3899 321 3947 Verum
336 3898 361 3946 in
375 3896 414 3946 bis
434 3897 548 3947 omuibus
567 3899 670 3948 tortasse
683 3899 776 3948 detexit
794 3898 892 3948 Grada·

112 3981 175 4018 num
187 3979 298 4026 acumen,
312 3968 384 4030 cujus
400 3965 446 4016 riri
460 3968 581 4032 Epistola
596 3971 688 4018 critico
700 3967 736 4018 od
751 3969 813 4019 dod.
824 3973 892 4020 ller-
937 3969 994 4016 Joc.
1012 3967 1103 4013 Verum
1116 3965 1236 4014 vocabule
1248 3967 1275 4016 οὐ
1285 3969 1355 4032 βαρὺν
1365 3971 1396 4024 εἰ;
1413 3970 1440 4018 οὲ
1452 3969 1604 4035 inspicientes
1615 3977 1705 4040 signiti-

112 4048 246 4086 nrormum
256 4036 392 4098 (Petropoii
407 4037 486 4096 1841),
498 4035 541 4086 ubi
554 4035 602 4087 boc
614 4037 761 4101 epigramma
778 4039 892 4090 nectarii
936 4035 994 4092 cari,
1015 4035 1149 4098 AEsigenem
1162 4049 1209 4084 non
1221 4037 1297 4087 inisse
1311 4039 1439 4102 agricolam
1449 4045 1491 4092 aut
1501 4043 1626 4106 rumorem,
1640 4047 1709 4099 laede

112 4120 137 4168 p.
151 4110 189 4164 il,
204 4119 248 4156 nos
261 4105 319 4156 item
330 4109 359 4157 ut
371 4107 494 4158 nectarus
513 4107 639 4170 egerrime
652 4121 771 4160 caremus.
783 4115 836 4159 —ii
847 4110 890 4168 θη·
937 4105 1005 4154 nobis
1017 4104 1200 4168 persuademus.

111 4176 194 4225 ionii.
205 4174 265 4224 cod.

967 4247 1078 4297 cnbxn.
1093 4247 1208 4296 Lemma:
1223 4249 1254 4303 εἰς
1270 4249 1394 4310 σατὺρανῆ
1411 4251 1536 4314 άγχίτοαον
1548 4255 1572 4304 ἐν
1589 4257 1657 4322 Τύρῳ
1668 4277 1705 4310 γε.
1800 4301 1817 4320 ⁸

144 4313 272 4362 convili
284 4314 447 4370 λεοντοοτείς
456 4315 576 4378 Λίσσχρήν
589 4315 646 4376 (sic)
658 4333 709 4365 τινα
720 4323 819 4377 γυναῖκα
830 4318 893 4366 οὕτω
936 4317 1048 4365 λούσαντα
1062 4315 1132 4378 (sic).
1156 4318 1248 4366 lterum
1270 4317 1389 4380 scriptum
1409 4318 1473 4370 inira
1491 4323 1546 4384 post
1558 4325 1632 4391 epigr.
1651 4332 1709 4386 728.

110 4383 268 4446 καλουμένην,
282 4384 324 4440 τὴν
340 4383 434 4432 Missos
455 4384 545 4446 τροφόν.
560 4409 591 4421 -
607 4389 627 4434 l.
651 4403 662 4425 n
685 4387 773 4448 apogr.
789 4387 843 4434 Par.
856 4388 891 4434 at·
936 4397 993 4434 oum
1005 4384 1119 4434 lemmate
1134 4403 1140 4432 :
1154 4385 1318 4448 είςᾰγχίτονεον
1332 4388 1442 4450 σατάραν.
1458 4391 1528 4447 ζήτει.
1550 4393 1606 4444 Sine
1620 4401 1706 4448 aucto.

110 4455 198 4518 σχρὴν,
212 4452 280 4515 quod
301 4453 381 4502 forsan
399 4465 568 4514 rerum3nam
585 4453 610 4502 in
631 4454 768 4504 nominibus
790 4455 892 4517 propriis
936 4453 969 4503 ris
978 4453 1075 4503 nomine
1083 4453 1108 4503 in
1117 4454 1184 4503 Plan.
1194 4453 1294 4505 Gmtius
1302 4455 1365 4506 male
1375 4461 1507 4529 Solprom.
1518 4489 1550 4498 -
1562 4468 1571 4512 i
1584 4466 1708 4529 άγχίτοιον

110 4525 232 4574 accentus
253 4535 319 4585 saepe
340 4523 540 4584 appellativorum
562 4523 687 4572 retinetur.
706 4543 718 4566 ν
738 4525 818 4572 Boiss.
838 4543 850 4566 ε
864 4527 891 4572 in
935 4523 1005 4584 libri,
1018 4537 1079 4573 οοττ.
1093 4523 1200 4584 Jacobs..
1212 4537 1348 4588 proponens
1363 4527 1435 4578 etiam
1451 4531 1582 4594 άρτετόνον,
1602 4537 1657 4587 coli.
1668 4551 1706 4600 ep.

111 4591 197 4640 uerbis
216 4591 302 4652 ἀγαθον
322 4593 396 4652 γάλα,
410 4591 570 4641 λαθοίατο
589 4594 732 4652 nrrictcem,
747 4591 890 4655 singularem
936 4595 991 4643 iae.
1014 4593 1106 4644 Deinde
1125 4593 1181 4642 λάθε
1196 4595 1331 4653 necinus,
1352 4597 1418 4657 quod
1440 4599 1566 4662 usitatum,
1591 4605 1633 4654 sed
1654 4620 1708 4656 esse

110 4661 238 4726 quandam
247 4663 391 4726 elegantiam
400 4663 526 4726 qrrcerebat
536 4663 672 4722 Bentleius,
686 4663 726 4712 cui
736 4662 809 4712 iidem
819 4662 891 4714 dene·
932 4659 1030 4723 ‘onorat
1044 4676 1089 4712 cur
1098 4663 1202 4713 altemm
1213 4667 1285 4726 poeta
1298 4665 1425 4722 maluerit.
1440 4667 1472 4716 ad
1481 4667 1604 4721 homerica
1615 4675 1665 4736 Κήρ
1676 4692 1705 4737 με

109 4733 188 4796 gabat
207 4733 335 4794 linceius,
349 4735 470 4797 corrigens
490 4735 575 4791 άγοιθὸς
594 4733 734 4784 Γαλάταισιν
752 4736 776 4782 ίν
794 4735 889 4790 ἐσθλοῖς.
935 4733 993 4795 λάχε
1013 4733 1197 4796 γεινάμενθνττερ
1215 4733 1353 4798 respiciens.
1371 4743 1433 4786 -2
1456 4741 1527 4801 κρύψε
1546 4741 1605 4790 cod.
1629 4743 1705 4794 altero

110 4803 243 4864 (Nimirum
250 4801 331 4852 Codex
338 4807 420 4854 παισὶν
429 4803 677 4862 tv.llllibiinmentem
683 4803 795 4855 veniebat
803 4805 890 4866 ἀγαθὴν
935 4803 1003 4865 ίοοο,
1015 4801 1056 4852 hic
1069 4803 1150 4866 ίνρυρε
1159 4839 1166 4865 ,
1175 4803 1249 4853 adlita
1261 4817 1276 4853 a
1288 4807 1425 4856 correctore
1434 4805 1502 4856 litera
1517 4809 1536 4856 t.

109 4874 182 4934 γάλα.
200 4872 250 4923 Sed
273 4873 345 4923 tiniae
365 4887 452 4924 verum
472 4875 572 4926 Bentleii
593 4880 683 4924 πᾶσιν
702 4877 726 4924 ἐν
745 4877 846 4933 ἐσθλοῖς,
861 4877 890 4925 tlt

108 4941 232 4992 arrienos
251 4945 332 5004 copiis
352 4945 377 4992 et
399 4942 516 4993 lautitiis.
533 4963 545 4986 ν
567 4947 626 4993 Ηεοο
642 4947 693 4994 tac.
713 4945 807 5066 quibus
821 4945 890 4996 addit
965 4951 1099 5000 onbxlll.
1124 4951 1223 5000 Lemma
1247 4953 1302 5006 ιτίς
1318 4953 1358 5008 τάς
1379 4953 1531 5016 Ἀριστοδίκου
1545 4957 1667 5019 θυγατέρας
1683 4961 1708 5008 ἐν

109 5013 216 5062 bleineir.
230 5013 387 5063 :dimittier
397 5012 561 5062 Callimachus
573 5017 660 5071 μαστὸν
678 5014 726 5064 diri
753 5015 820 5066 liin
833 5017 887 5066 Cer.
933 5025 983 5074 ταῖς
1005 5021 1073 5068 baias
1091 5020 1270 5078 τελευτησάσοις.
1287 5023 1318 5070 nt
1334 5021 1403 5072 initio
1415 5036 1485 5072 norae
1499 5023 1592 5087 pagine
1607 5045 1613 5074 ε
1630 5028 1666 5076 άτι
1681 5033 1708 5078 ai

109 5089 143 5133 oo
159 5103 165 5131 r
180 5083 218 5144 χώ
237 5084 478 5142 possessoremve
493 5082 525 5133 de
543 5084 635 5133 nutrice
653 5085 724 5148 cujlis
741 5086 780 5136 lac
795 5085 889 5136 bibent
933 5091 1043 5151 τέσσαρες
1053 5091 1172 5152 θυγατέρος
1188 5092 1343 5142 ‘licentiaco
1352 5094 1528 5150 δυστονήσασαι
1542 5095 1664 5146 ἀπίθανον.
1677 5129 1706 5140 -

109 5165 181 5214 puer.
196 5153 245 5200 Nec
258 5149 375 5201 dissimile
392 5151 478 5202 incerti
490 5155 568 5215 pietro
586 5153 680 5204 dictum
698 5157 793 5206 Οῡθατα
808 5156 888 5218 βόσκει
936 5163 957 5218 ί,
976 5159 1157 5220 tquatereirir
1175 5161 1234 5210 cod.
1252 5163 1277 5210 et
1296 5161 1373 5220 Plan..
1389 5174 1452 5212 corr.
1470 5163 1574 5211 Brunct.
1588 5165 1707 5228 imagines

108 5236 150 5283 ap.
164 5220 279 5282 llesycb„
290 5221 320 5270 de
335 5221 413 5282 capris
426 5221 579 5272 lactantibus.
593 5224 675 5274 Simile
687 5225 745 5275 item
759 5229 847 5288 γαστὴρ
857 5227 887 5276 de
932 5229 1049 5289 quattuor
1062 5227 1190 5280 mulierum
1200 5228 1223 5277 in
1237 5230 1276 5278 ilio
1285 5230 1354 5291 cippo
1366 5245 1491 5294 expressas
1501 5231 1575 5284 inisse
1585 5235 1703 5286 existima.

108 5293 212 5342 Neronis
225 5297 302 5342 matre
316 5293 408 5342 dicium
422 5293 446 5342 in
460 5296 529 5344 Orac.
546 5295 628 5358 Sibyll.
640 5299 670 5357 V,
684 5301 723 5346 itt
738 5319 743 5346 ι
935 5303 988 5348 -4
1003 5299 1040 5348 ἐντὶ
1052 5299 1134 5348 τούτων
1146 5297 1206 5348 eod.
