3916 5930
280 385 338 444 336

570 515 632 566 833.
653 517 746 562 anau.

269 642 347 716 Μηδὲ
358 643 536 722 καταχθονίοις
552 642 618 717 μετδι
633 640 753 717 δαίμοσιν
767 640 884 718 ἄμμορος
895 639 948 709 εἴης

263 761 266 790 z
308 731 441 812 ἡμετέρων
458 729 565 808 δώρων,
580 722 616 787 riis
632 729 655 788 o'
671 727 771 785 ἐπέοικε
785 735 890 812 τυχεῖν,

268 820 365 897 Ἀμμία
375 865 384 890 ,
395 819 487 878 οὕνεκα
498 817 649 896 Νικόμαχος
664 817 777 893 θυγάτηρ
791 838 818 871 τε
831 813 917 886 Διώνη

307 907 407 984 τύμόον
421 908 467 966 καί
481 905 579 978 στήλην
596 906 644 976 σὴν
658 903 784 982 έθέμεσθα
799 904 888 982 Ιχάριν.

606 1049 667 1100 334.
688 1051 781 1097 atAO.

266 1169 397 1251 Νηλεὲςιῖι
413 1180 516 1254 δαῖμον,
529 1177 555 1235 τί
566 1177 595 1237 δέ
609 1176 708 1253 μοικαὶ
723 1177 815 1256 φέγγος
829 1175 925 1243 ἔδειξας

307 1270 342 1334 εἰς
355 1267 448 1344 ὀλίγων
457 1266 534 1325 ἐτέων
550 1264 631 1342 μέτρα
647 1263 812 1340 μινυνθάδιος

268 1353 339 1425 ilva
351 1354 471 1431 λυπὴσης
485 1356 517 1412 δι’
534 1351 600 1428 ἐμὴν
617 1349 712 1428 βιότοιο
725 1351 848 1421 τελευτὴν

305 1441 408 1520 μητέρα
423 1442 537 1510 δειλαίην
548 1439 656 1516 δάκρυσι
668 1438 712 1496 καὶ
725 1447 880 1517 στοναχαῖς,

226 1549 239 1586 ιι
266 1529 283 1600 ἡ
300 1532 328 1606 μ’
341 1529 425 1606 ἔτεχ’,
438 1527 456 1598 ἡ
471 1527 498 1604 μ’
512 1526 633 1598 άτίτηλε,
646 1525 691 1583 καί
707 1527 724 1597 ἡ
737 1527 803 1613 πολὺ
821 1525 925 1601 μείζονα
941 1527 1038 1604 πατρὸς

306 1615 429 1696 φροντίδα
439 1613 557 1684 παιδείης
568 1613 661 1684 ἤνυσεν
676 1615 820 1692 ἡμετέρηςς

267 1705 294 1772 δς
309 1706 355 1777 μέν
369 1703 419 1783 γὰρ
431 1702 521 1762 τυτθόν
531 1725 559 1760 τε
573 1701 618 1760 καί
631 1699 749 1782 δρφανδν.Ι
756 1707 782 1762 έν
797 1702 931 1780 μεγάροισι

307 1791 469 1861 κάλλιπενὴ
484 1789 506 1846 δ’
515 1793 557 1848 ἐπ’
571 1789 629 1866 ἐμοὶ
637 1789 738 1856 πάντας
752 1788 813 1860 ἔτλη
826 1789 968 1864 καμάτους.

266 1869 305 1938 Ἦ
321 1879 368 1955 μέν
378 1877 439 1954 ἐμοὶΙ
450 1877 523 1956 φίλον
538 1869 583 1948 ἦεν
596 1879 634 1957 ἐφ’
649 1877 734 1954 ἁγνῶν
749 1879 903 1956 ἡγεμονήων

214 1987 241 2026 10
307 1965 472 2046 δμπρεπέμεν
488 1964 576 2041 μύθοις
586 1964 653 2044 ἀμφὶ
668 1965 849 2031 δικασπολίσς·

267 2053 335 2113 άλλά
350 2076 394 2130 μοι
405 2057 433 2112 οὖ
448 2050 545 2132 γενύων
560 2051 698 2120 ἐπεδέξατο
708 2053 831 2132 κούριμον
848 2053 922 2118 οἷνθος

305 2139 408 2212 ἡλικίης
416 2143 509 2218 δραι-ῆς
518 2145 569 2215 ,oi
585 2139 727 2218 γάμον,οὗ
742 2139 840 2207 δαΐδας·

248 2257 252 2269 ·
266 2229 315 2308 οὐχ
327 2229 448 2304 ὓμέναιον
462 2227 532 2286 ἄεισε
547 2229 717 2308 περικλυτόν,
734 2229 763 2287 οὔ
778 2227 851 2294 τέκος
864 2218 925 2298 εἶδε,

306 2314 468 2394 δύσποτμος,
482 2317 512 2374 έκ
521 2321 610 2395 γενεῆς
623 2315 746 2396 λείψανον
761 2315 904 2396 ἡμετέρης,

214 2421 239 2460 ts
266 2407 312 2475 τῆς
320 2403 525 2484 πολυθρηνὴτου·
539 2407 617 2464 λυπεῖ
632 2404 660 2462 δέ
674 2428 707 2480 με
721 2405 766 2464 καί
777 2409 904 2463 τεθνεῶτα

306 2491 404 2571 μητρός
419 2491 559 2566 Πωλίττης
575 2492 666 2558 πένθος
677 2491 832 2570 ἀεξόμενον,

266 2577 419 2659 Φρόντωνος
429 2586 531 2659 γοεραῖς
544 2579 589 2638 ἐπὶ
601 2577 741 2660 φροντίσιν,
754 2579 771 2651 ἡ
786 2577 845 2638 τέκε
860 2579 940 2636 παῖδα
986 2572 993 2586 “

305 2665 455 2744 ὠκύμορον,
468 2666 555 2724 κενεὸν
568 2666 660 2747 χάρμα
671 2665 747 2746 φίλης
756 2667 889 2746 πατρίδος.

567 2811 629 2860 335.
648 2811 744 2859 uno,

268 2962 293 2994 α.
307 2937 448 3012 Πώλιττα,
460 2941 537 3008 τλῆθι
549 2937 651 3010 πένθος,
663 2937 770 2998 εὔνασον
785 2937 878 3017 δάκρυ.

287 3053 288 3056 ’
308 3023 411 3085 Πολλαί
421 3024 543 3090 θανόντας
560 3014 626 3082 εἶδον
639 3026 701 3092 υἱεῖς
712 3023 830 3102 μητέρες.

268 3116 294 3191 β.
309 3113 379 3172 Ἀλλ’
395 3115 423 3171 οὗ
432 3111 560 3176 τοιούτους
569 3111 613 3169 τὸν
627 3109 722 3188 τρόπον
733 3113 778 3170 καί
791 3110 834 3169 τδν
851 3109 919 3188 βίον,

306 3204 335 3259 οὐ
351 3200 469 3280 μητέρων
485 3200 607 3266 σε’όοντας
615 3200 723 3271 ἡδίστην
739 3199 809 3258 θέαν.

268 3313 292 3346 α.
304 3285 341 3348 Τί
354 3285 466 3366 περισσόν
477 3293 593 3367 θρηνεῖς;
612 3285 637 3344 τί
652 3287 679 3344 δέ
689 3285 775 3362 μάτην
788 3287 893 3365 ὀδύρεαι
898 3311 907 3358 ;

198 3441 204 3460 ι
306 3377 342 3442 εἷς
356 3376 440 3436 κοινὸν
450 3371 538 3462 ᾍδην
551 3374 646 3441 πάντες
659 3373 748 3444 ἥξουσι
765 3375 860 3453 βροτοί.

566 3517 629 3570 336.
650 3521 744 3567 ΔΛΔΟ.

266 3647 289 3706 Γ
289 3645 352 3724 ἡραῖ
364 3647 408 3706 καί
421 3647 497 3722 πενίῃ
513 3645 678 3726 τετρυμένος,
689 3648 746 3704 οὐδ’
758 3646 890 3725 ὀρέγοντας

563 3818 620 3864 333.
638 3831 748 3865 rueram.

173 3967 176 3973 ,
269 3917 301 3964 Ut
315 3931 360 3964 nec
373 3915 438 3980 apud
449 3918 535 3966 Manes
550 3931 635 3982 expers
647 3917 691 3974 sis,
709 3917 819 3974 smmis,
837 3917 926 3966 nostris

303 3995 460 4060 Muneribus,
471 3997 506 4047 las
517 4008 618 4064 estque
630 3998 675 4049 tibi
685 4000 771 4066 jusque
782 3999 851 4063 dori,

268 4077 429 4130 Nicomachus
439 4081 559 4129 tumulum
572 4087 678 4131 statuens
689 4090 714 4130 et
723 4081 787 4147 justa
798 4082 877 4131 Dione

300 4162 362 4208 Cum
375 4159 461 4225 cippo,
474 4161 567 4210 meritis
582 4161 704 4212 reddimus
717 4162 790 4212 ambo
804 4164 890 4213 vicem.

319 4261 376 4316 334.
394 4263 431 4308 De
449 4265 567 4311 Frontone
582 4260 634 4329 filio
648 4261 750 4314 Paline.
768 4268 891 4331 Repertrsm
908 4266 997 4332 Cynici.

270 4358 428 4407 inclemeuso
443 4361 531 4418 Parca,
548 4360 605 4425 quid
622 4359 742 4410 heumihi
755 4361 844 4411 lumina
857 4363 909 4411 νίνω

303 4446 331 4489 lu
346 4441 422 4508 spatia
432 4457 548 4492 aunuum
560 4460 636 4509 pauca
648 4444 728 4494 videre
739 4444 829 4494 dabas?

269 4529 353 4576 llocne
365 4525 410 4574 tibi
423 4525 496 4575 libuit
507 4527 599 4577 miserae
610 4528 716 4577 lamenta
729 4530 841 4594 parenti,

303 4610 333 4656 Et
348 4607 429 4672 longas
442 4607 558 4674 lacrymas
570 4607 654 4658 funere
665 4609 729 4659 serre
743 4616 817 4662 mec?

269 4691 329 4751 Quae
341 4703 379 4738 me
393 4703 443 4737 uon
453 4689 535 4754 genuit
547 4691 625 4757 prima
639 4693 710 4742 modo
724 4693 793 4755 luce,
803 4695 843 4743 sed
855 4695 917 4762 ipsos

268 4804 274 4825 .·
303 4771 411 4822 Contulit
423 4773 452 4822 ad
466 4789 544 4824 mores
559 4776 612 4840 plus
626 4777 734 4842 genitore
748 4776 818 4827 mihi.

270 4856 333 4904 Nam
348 4861 417 4920 pater
428 4855 545 4906 infantem
558 4858 663 4908 moriens
680 4859 725 4908 sub
737 4869 813 4909 matre
830 4861 927 4928 reliquit
942 4877 948 4911 :

304 4939 390 4988 Matris
401 4949 426 4988 et
440 4955 468 4989 ex
484 4940 527 4990 ilio
540 4957 597 4990 cura
609 4941 725 5008 laborque
742 4943 785 4993 lui.

270 5025 372 5086 Jamque
384 5023 447 5089 apud
458 5023 569 5084 amarias,
585 5035 609 5076 et
620 5036 671 5076 erat
680 5027 741 5077 mihi
753 5028 835 5086 dulce,
853 5032 951 5081 curules

304 5108 358 5154 Vox
369 5105 473 5170 aliquam
481 5105 530 5170 juri
543 5117 624 5158 nostra
635 5107 727 5159 terebat
738 5125 817 5175 opem.

272 5191 304 5236 At
317 5204 365 5238 non
377 5189 419 5239 illa
430 5205 482 5242 mea
496 5192 572 5241 letata
583 5203 618 5242 est
631 5210 705 5244 messe
720 5211 850 5262 genarum,

834 375 1087 436 ANTHOLOGIAE
1109 374 1311 435 PALATlNAE

1356 500 1359 506 ’
1393 523 1445 568 aaa.
1469 527 1573 568 aurun.

1096 641 1129 688 Ut
1138 651 1168 688 ne
1176 639 1267 688 interos
1280 639 1379 702 quidem
1392 641 1455 690 inter
1468 643 1552 690 Manes
1565 654 1652 704 expers
1666 653 1731 690 esses

1125 730 1263 778 aostmrum
1276 743 1420 792 munerum,
1433 743 1490 794 quas
1500 729 1583 780 decuit
1595 731 1640 780 tibi
1654 730 1787 794 obtingere,

1097 815 1198 876 Λικιννία,
1213 815 1268 864 ideo
1280 816 1442 868 ltinomaehus
1457 817 1554 880 liliaque
1565 819 1642 868 Dione

1126 903 1250 953 tumulum
1265 907 1290 954 et
1304 905 1401 968 cippum
1413 908 1458 956 tua
1466 907 1593 969 posuimus
1606 907 1689 970 gratia.

1395 1043 1447 1089 ³34.
1471 1049 1577 1092 lituu.

1097 1175 1364 1244 Durissimeodaemon,
1377 1183 1547 1246 quidtaudem
1561 1180 1621 1230 mihi
1634 1181 1716 1230 lucem
1730 1183 1837 1231 ostentio

1127 1265 1151 1314 in
1166 1279 1299 1328 pauoorum
1314 1283 1432 1320 annorum
1446 1272 1553 1335 spatium
1567 1269 1757 1320 brevissimum?

1096 1365 1126 1401 an
1141 1355 1170 1402 ut
1183 1355 1314 1406 conficeres
1327 1357 1359 1408 ob
1371 1373 1432 1408 meas
1442 1359 1501 1409 ritae
1514 1357 1606 1408 exitum

1126 1444 1228 1492 matrem
1240 1445 1354 1495 miseram
1365 1447 1472 1497 lacrimis
1485 1450 1509 1496 et
1521 1445 1671 1509 gemitibus?

1095 1539 1152 1588 qaia
1160 1531 1298 1593 megenuit.
1309 1519 1366 1596 quaa
1374 1531 1780 1595 mealuit,etquaemultomajorem
1789 1545 1846 1594 quan
1918 1539 1924 1555 ⁸

1127 1631 1211 1666 euram
1222 1618 1359 1671 educationi
1372 1621 1455 1672 attulit
1468 1623 1566 1671 nostra.
1793 1619 1851 1682 [pater

1096 1702 1142 1750 llic
1157 1703 1256 1765 quidem
1270 1706 1334 1755 euim
1347 1708 1528 1771 parvulumque
1541 1721 1581 1758 me
1594 1711 1620 1782 et
1640 1707 1728 1756 orbum
1742 1706 1849 1756 iuedibm

1127 1791 1237 1853 reliquit,
1252 1793 1293 1842 illa
1304 1807 1363 1843 vero
1375 1807 1419 1857 pro
1429 1809 1468 1844 me
1480 1797 1582 1845 cunctos
1591 1794 1724 1844 exantlavit
1737 1794 1825 1844 labores.

1096 1881 1157 1928 Saue
1166 1877 1266 1942 quidem
1279 1879 1337 1930 mibi
1347 1883 1469 1932 arridebat
1479 1883 1526 1933 sub
1540 1883 1608 1947 puris
1618 1883 1767 1932 antistitibus

1126 1967 1242 2016 excellere
1255 1969 1409 2019 sermonibus
1422 1969 1651 2033 deiurisprudcntia
1670 1991 1676 2018 ι
1871 1957 1873 1965 ’

1096 2053 1139 2102 sed
1153 2067 1236 2104 meum
1247 2069 1296 2104 uon
1305 2059 1415 2107 amento
1431 2059 1540 2122 suscepit
1552 2059 1661 2108 sectilem
1670 2057 1753 2106 florem

1127 2143 1206 2192 atatis
1215 2143 1336 2206 amabilis,
1349 2157 1399 2195 non
1409 2145 1520 2209 nuptias,
1535 2160 1584 2196 nou
1596 2145 1676 2204 laces3

1096 2246 1144 2282 uon
1156 2233 1310 2295 tryrnenaum
1323 2237 1410 2286 cecinit
1421 2235 1550 2297 celebrem,
1563 2251 1610 2286 uon
1623 2239 1714 2300 prolem
1725 2237 1792 2296 vidit,

1128 2321 1222 2371 infelix!
1238 2323 1321 2386 stirpis
1334 2325 1463 2374 surculum
1473 2328 1574 2387 nostrae,

1097 2409 1168 2459 valde
1183 2410 1248 2460 illius
1260 2411 1422 2462 lamentabilis
1437 2433 1443 2461 ι
1458 2413 1525 2476 angit
1537 2417 1620 2463 autem
1630 2427 1670 2463 me
1683 2413 1721 2463 rel
1738 2415 1842 2463 manuum

1129 2497 1213 2546 matris
1222 2498 1413 2550 Pollitaeluctus
1426 2491 1662 2563 semper-crescens,

1099 2583 1123 2632 iu
1141 2585 1285 2648 lugubribus
1296 2587 1327 2637 de
1334 2590 1454 2638 Frontone
1462 2589 1538 2648 curis,
1556 2603 1612 2652 qum
1625 2591 1719 2653 peperit
1728 2603 1818 2653 puerum

1131 2676 1288 2738 celeris-toti,
1299 2677 1369 2728 inane
1381 2679 1496 2742 gaudium
1510 2690 1563 2729 sure
1572 2679 1665 2743 patrita.

1401 2827 1455 2873 335.
1481 2828 1580 2868 ALlUD.

1047 2981 1052 3006 ,
1097 2959 1123 2994 o.
1134 2947 1230 3006 Politia,
1246 2948 1339 2998 sustine
1348 2948 1455 3010 luctum,
1466 2949 1519 3013 sapi
1532 2949 1657 2999 lacrimam

1095 3017 1180 3084 ltlulte
1194 3037 1304 3086 mortuos
1312 3035 1426 3087 viderunt
1435 3037 1606 3108 liliosmatres.

1097 3123 1119 3171 b.
1135 3121 1181 3171 Sed
1195 3123 1313 3174 nortales
1321 3125 1431 3175 moribus
1445 3127 1470 3175 et
1482 3138 1551 3186 ero,

1095 3223 1143 3258 nou
1157 3213 1263 3260 matrum
1272 3213 1310 3261 ric
1319 3214 1463 3278 reuerentes
1472 3211 1641 3262 dulcissimum
1654 3216 1782 3276 aspectum.

1097 3310 1123 3346 o.
1139 3297 1205 3355 Quid
1214 3311 1277 3348 rana
1288 3300 1381 3362 gemis?
1394 3299 1504 3363 quidque
1514 3301 1637 3350 ineassum
1646 3301 1796 3351 lamentaris?

1021 3413 1023 3418 ,
1096 3385 1128 3436 ad
1142 3401 1296 3437 communem
1314 3391 1406 3438 Orcum
1417 3401 1501 3439 omues
1513 3390 1655 3453 pervenient
1664 3391 1782 3440 mortales.

1391 3531 1444 3578 336.
1467 3533 1576 3576 tutuo.

1023 3663 1025 3667 ·
1101 3655 1231 3703 Senectute
1240 3655 1266 3700 ct
1278 3653 1420 3714 paupertate
1435 3652 1568 3714 matritus,
1582 3665 1662 3714 neque
1673 3651 1800 3716 porrigente

1050 3765 1153 3776 ...—

1134 3817 1188 3863 Non
1202 3813 1319 3862 thalamos
1333 3813 1408 3873 vidit,
1423 3813 1586 3878 legitimasque
1599 3812 1678 3872 laces;

1097 3898 1147 3945 Nec
1158 3895 1238 3945 laetum
1252 3893 1357 3944 cantavit
1367 3897 1476 3960 Hymen,
1491 3899 1635 3960 Hymenaee,
1646 3895 1729 3944 relicta

1127 3981 1178 4028 Nec
1191 3978 1275 4028 saltem
1289 3976 1382 4026 soboles
1392 3978 1511 4042 sanguinis
1522 3979 1571 4027 ulla
1583 3977 1647 4041 mei,

1094 4060 1217 4124 Sanguinis
1225 4058 1274 4110 heu
1288 4059 1371 4109 sseudi.
1406 4065 1459 4110 Jaur
1473 4059 1517 4108 sim
1535 4059 1592 4109 licet
1604 4059 1708 4122 umbra,
1722 4057 1817 4126 parentis

1128 4143 1220 4192 Polittae
1232 4143 1323 4191 cruciat
1335 4159 1374 4191 ure
1389 4159 1465 4192 novus
1479 4143 1520 4192 ille
1532 4143 1612 4207 dolor,

1095 4226 1223 4274 Frontonis
1241 4233 1333 4273 veteres
1348 4225 1426 4274 luctus
1438 4241 1510 4291 super
1525 4239 1532 4274 ι
1547 4225 1623 4274 edidit
1638 4226 1678 4274 illa

1128 4307 1218 4356 Gaudia
1227 4323 1271 4356 nec
1281 4307 1363 4372 patriae
1375 4324 1420 4356 nec
1431 4308 1544 4356 diuturna
1558 4307 1612 4358 sibi.

1332 4407 1388 4458 335.
1409 4404 1486 4454 Aliud
1503 4405 1532 4454 de
1549 4405 1638 4458 eedem,

1094 4507 1181 4556 Politta
1192 4543 1200 4568 ‚
1212 4508 1268 4556 siste
1277 4509 1408 4574 lacrymas,
1422 4510 1499 4558 luctus
1509 4525 1591 4574 preme
1605 4527 1611 4559 :

1094 4589 1272 4638 videremultre
1281 4589 1370 4640 liberos
1383 4601 1463 4656 raptos
1475 4607 1540 4640 nece.

1093 4675 1127 4720 At
1140 4688 1188 4720 nou
1198 4709 1204 4730 ,
1216 4682 1242 4722 ut
1252 4673 1294 4722 ille
1304 4709 1311 4734 ,
1323 4673 1431 4724 moribus
1442 4674 1496 4722 viter
1507 4674 1610 4740 probos,

1094 4755 1193 4804 Vultum
1205 4757 1310 4805 colentes
1322 4757 1405 4805 matris
1418 4757 1492 4806 instar·
1509 4757 1623 4808 numinis.

1094 4837 1159 4900 Quid
1173 4838 1244 4888 inane
1257 4849 1354 4904 torques
1363 4849 1452 4900 temet,
1464 4849 1488 4888 et
1505 4839 1593 4888 frustra
1610 4839 1704 4904 geenne

1094 4923 1189 4985 Voragu
1201 4931 1298 4970 cunctos
1311 4937 1358 4970 uua
1378 4922 1490 4971 mortales
1505 4932 1593 4972 ιιιιιοει.

1391 5025 1448 5072 336.
1467 5040 1578 5082 ιιισειντι,

1245 5111 1274 5161 de
1286 5132 1313 5162 co
1328 5117 1368 5182 φνιὶ
1380 5127 1437 5164 ante
1449 5126 1546 5163 mortem
1556 5133 1581 5164 se
1593 5114 1723 5182 sepelierat.

1097 5205 1238 5270 Paupertate
1250 5208 1330 5271 graui,
1342 5209 1499 5272 gratibusque
1511 5208 1606 5258 attritus
1618 5208 1649 5256 ab
1660 5207 1745 5268 anuis,
