4018 5938
293 425 334 485 62
656 453 658 458 v
859 420 1114 485 ANTHOLOGIAE
1136 423 1338 486 PALATINAE

331 553 383 626 ἡδύ
395 579 441 633 γε,
456 554 504 613 κᾶν
520 553 608 636 ψαύσῃ
623 557 716 632 μοῦνον
729 553 810 631 ἄκρου
826 554 967 631 στόματος·

295 644 372 726 ψαύει
388 643 411 702 δ’
421 647 468 703 ούκ
482 644 568 725 άκροις
580 651 631 708 τοῖς
640 641 770 721 χείλεσιν,
781 644 839 700 ἀλλ’
852 643 961 722 έρίοασα

335 731 365 790 τὸ
380 731 465 809 στόμα
481 729 528 802 τὴν
540 729 626 810 ψυχὴν
641 727 666 796 tt
681 728 782 809 ὀνύχων
798 731 897 808 ἀνάγει.

557 879 600 930 15.
620 883 680 929 ΤΟΥ
698 883 805 930 mor.

294 1019 351 1075 Ποῦ
362 1020 406 1072 νῦν
422 1012 600 1094 Πραξιτέλης
611 1019 662 1072 ποῦ
674 1015 696 1072 δ’
710 1016 737 1072 ot
752 1013 826 1092 χέρες
841 1015 868 1072 αἱ
881 1014 1068 1080 Πολυκλείτου,

332 1104 359 1160 ul
372 1105 428 1167 ταῖς
439 1100 535 1179 πρόσθε
550 1099 653 1181 τέχναις
666 1106 771 1177 πνεῦμα
782 1100 952 1181 χαριζόμενοι
962 1123 970 1171 ;

293 1189 330 1254 τίς
342 1187 491 1263 πλοκάμους
506 1187 623 1260 Μελίτης
635 1188 763 1260 εὐώδεας,
779 1187 797 1258 ἢ
809 1187 937 1268 πυρόεντα

331 1277 439 1352 ὄμματα
451 1277 495 1333 καί
511 1277 596 1356 δειρῆς
610 1275 702 1354 φέγγος
717 1275 921 1350 &roridos-rau

292 1373 344 1424 ποῦ
360 1365 491 1436 πλάσται,
507 1373 556 1425 ποῦ
570 1363 593 1423 δ’
605 1367 655 1424 siri
669 1363 793 1438 λιθοξόοις
808 1363 906 1444 ἔπρεπε
921 1365 977 1442 τοίῃ

331 1457 418 1532 μορρῇ
431 1452 494 1523 νηδν
510 1453 594 1532 ἔχειν,
606 1456 639 1518 ὡς
657 1452 785 1532 μακάρων
800 1451 890 1532 ξοάνῳ.

414 1623 460 1672 ιε.
484 1612 645 1676 ornauor
665 1581 942 1673 tornutium.

292 1767 371 1840 Μήνη
386 1767 564 1848 χρυσόκερως,
578 1769 667 1846 δέρκεο
677 1766 754 1840 τάδε,
765 1770 810 1828 καί
823 1773 997 1850 περιλαμπεῖς

332 1858 453 1934 ἀστέρες,
469 1856 512 1925 οθς
522 1857 627 1924 κόλποις
643 1857 766 1926 Ὠκεανὸς
778 1857 899 1937 δέχεται,

291 1945 325 2012 ὥς
335 1969 367 2023 με
383 1947 458 2023 μόνον
473 1948 635 2025 προλιποῦσα
651 1945 794 2024 μυρόπνοος
807 1945 886 2027 ᾤχετ’
897 1945 1010 2024 Ἀρίστη·

331 2033 436 2106 έκταίην
450 2033 472 2092 δ’
486 2037 569 2112 εὑρεῖν
582 2031 629 2104 τλν
645 2033 728 2110 μάγον
741 2034 770 2091 οὖ
785 2034 910 2108 δύναμαι.

291 2120 361 2180 Ἀλλ’
375 2121 460 2198 ἔμπης
476 2121 557 2192 αὐτὴν
572 2120 732 2196 ζητήσομεν·
749 2113 767 2193 ἦ
781 2123 805 2200 ρ’
820 2119 961 2200 ἔπιπέμύω

332 2209 462 2289 Κύπριδος
475 2208 594 2290 ἰχνευτδις
607 2209 748 2290 ἀργυρέους
763 2208 906 2276 σκύλακας.

354 2370 362 2394 ’
506 2379 552 2428 17.
581 2368 849 2428 ΓΑΙΤΟΥΛΙΚΟΥ.

292 2528 429 2607 Ἀγχιάλου
443 2531 569 2609 ρηγμῖνος
581 2527 724 2604 ἐπίσκοπε,
741 2526 782 2584 σολ
796 2525 858 2584 τάδε
872 2525 970 2603 πέμπω

330 2613 440 2694 ψαιστία
453 2617 498 2672 καὶ
509 2617 582 2684 λιτῆς
594 2617 664 2691 δῶρα
677 2611 835 2685 θυηπολίης·

293 2701 380 2782 αὔριον
395 2701 487 2760 Ἰονίου
502 2699 553 2779 γάρ
567 2701 609 2760 ἐπὶ
620 2701 708 2758 ’πλατύ
723 2706 794 2773 κῦμα
808 2701 932 2782 περήσω,

332 2789 449 2849 σπεύδων
465 2789 593 2868 ἡμετέρης
604 2789 700 2848 κολπον
714 2792 738 2855 ές
751 2788 890 2862 Είδοθέης·

291 2875 375 2956 οὔριος
386 2878 443 2936 ἀλλ’
458 2877 607 2955 έπίλομψον
625 2879 681 2957 ἐμῷ
693 2877 739 2936 κοιλ
753 2878 829 2958 ἔρωτι
842 2878 887 2936 καί
901 2881 981 2959 ἱστῷ,

333 2963 438 3023 δεσπότι
450 2962 497 3022 καί
510 2963 655 3041 θαλάμων,
670 2963 774 3044 Κύπρι,
785 2966 829 3023 καὶ
843 2966 947 3036 ἠϊόνων.

457 3179 460 3186 .
504 3173 505 3176 ,
541 3113 586 3182 18.
608 3123 819 3184 ΡΟΥΦΙΝΟΥ.

293 3279 402 3341 Μᾶλλον
416 3281 467 3336 τῶν
481 3279 601 3360 σοθαρῶν
618 3279 666 3346 τδις
680 3278 800 3348 δουλίδας
812 3279 1006 3357 έκλιγόμεσθα,

331 3368 355 3424 οἱ
370 3365 407 3444 μὴ
421 3366 475 3434 τοῖς
485 3366 627 3434 σποτάλοις
641 3367 776 3444 κλέμμασι
784 3367 947 3447 τερπόμενοι.

291 3455 357 3522 Ταῖς
371 3453 417 3531 μίν
432 3455 502 3535 χρὼς
516 3455 634 3514 άπύδωδε
645 3455 741 3534 μύρου,
756 3455 867 3536 σοθοιρόν
880 3479 909 3516 τε
923 3456 1065 3537 φρύαγμα,

331 3543 376 3601 καὶ
391 3543 458 3621 μετὰ
472 3542 590 3602 κινδύνου
600 3543 617 3578 *
626 3545 757 3620 ἓσπομένη
772 3543 889 3612 σύνοδος·

291 3640 346 3696 ταῖς
361 3629 388 3689 δὲ
403 3630 481 3711 χάρις
494 3631 539 3690 καί
552 3628 622 3710 χρὼς
636 3631 715 3706 ίδιος,
731 3630 776 3690 καί
789 3629 895 3712 λέκτρον
909 3634 1026 3709 ἑτοῖμον,

333 3717 422 3794 δώροις
432 3721 459 3777 έν
474 3717 617 3784 σπατόλοις
627 3721 675 3778 ούκ
685 3717 701 3754 *
713 3721 905 3797 ἀλεγιζόμενον.

292 3809 434 3882 Μιμοῦμαι
444 3805 548 3886 Πύρρον
563 3806 606 3864 τδν
620 3805 766 3885 Ἀχιλλέος,
781 3805 808 3872 δς
816 3806 967 3886 προέκρινεν

332 3892 471 3973 Ἑρμιόνης
482 3892 578 3972 ἀλόχου
592 3891 639 3964 τὴν
650 3893 741 3973 λάτριν
755 3893 944 3973 Ἀνδρομάχην.

555 4056 597 4108 19.
617 4060 676 4105 ΤΟΥ
696 4059 800 4106 ΔΠΟΥ,

291 4189 388 4250 Οὐκέτι
401 4184 563 4265 παιδομανλς
576 4192 611 4256 ὣς
621 4189 682 4271 πρίν
693 4213 771 4264 ποτε,
784 4193 829 4286 νιῦν
841 4188 868 4247 δὲ
882 4191 1011 4264 καλοῦμαι

252 4387 256 4394 ·
323 4364 418 4410 Summa
429 4361 485 4410 licet
498 4369 578 4424 tangat
587 4360 654 4410 labra
665 4361 703 4410 rei
714 4376 756 4410 ora
768 4359 813 4410 tibi
827 4376 834 4412 ε

290 4447 323 4491 At
335 4459 384 4492 non
393 4442 427 4491 εἰο
439 4451 518 4492 tannen
527 4442 586 4492 illa:
599 4442 640 4491 sed
655 4457 682 4492 oa
690 4441 724 4492 ita
735 4441 827 4505 ductat,
839 4451 867 4490 ul
877 4441 950 4506 ipuam

323 4523 475 4574 mirahatur
486 4523 540 4574 imis
549 4525 681 4590 unguiculis
688 4525 801 4574 animam.

590 4660 628 4709 15.
640 4675 756 4709 υυεοιιι.

290 4796 361 4844 Nunc
379 4793 420 4842 ubi
432 4791 561 4844 Praxiteles
577 4794 732 4858 illeinelitus,
752 4802 778 4843 et
785 4793 899 4860 Polycleti

324 4875 385 4924 Viva
395 4884 479 4940 potens
488 4876 546 4926 olim
556 4891 646 4942 ponera
657 4877 722 4941 signa
732 4880 833 4926 manus?

290 4961 353 5009 Nam
364 4956 418 5024 quis
431 4959 541 5009 odomtna
550 4959 645 5010 Meliten
654 4959 680 5010 in
688 4960 789 5026 imagine
799 4958 889 5016 crines,

324 5042 457 5108 ignitusque
472 5042 563 5105 oeulos,
574 5042 721 5108 pulchraque
730 5043 791 5092 oolla
802 5041 886 5091 dabit?
954 5071 957 5078 ,

291 5126 418 5176 Marmoris
429 5125 530 5174 artifices
542 5142 648 5192 ceraeque
659 5125 700 5175 ubi
709 5129 720 5175 i
730 5124 813 5175 debuit
823 5125 870 5174 aris

325 5211 380 5256 ileu
392 5207 472 5271 iacies,
484 5211 594 5275 superum
603 5225 647 5260 eeu
655 5207 809 5272 simulachra,
822 5209 876 5257 onii.

1146 565 1218 619 dulae
1231 569 1282 630 eat,
1294 569 1320 618 et
1333 580 1412 632 quum
1419 569 1497 633 tangit
1509 570 1778 624 extremummodooa:

1115 654 1159 705 sod
1167 659 1274 720 Europe
1284 671 1332 707 non
1347 658 1425 720 tangit
1438 657 1551 708 extremis
1562 657 1647 722 labiis,
1659 671 1747 710 rernm
1759 663 1878 726 impresso

1145 756 1188 794 ore
1203 745 1310 795 animam
1320 739 1354 796 'ex
1369 746 1493 809 unguibus
1506 747 1697 798 sursum-trahit.

1403 900 1440 943 15.
1467 901 1619 950 sensuum.

1114 1049 1160 1099 Uhi
1176 1064 1242 1100 nuno
1253 1049 1407 1102 Praxiteles?
1420 1055 1445 1102 et
1456 1051 1497 1101 ubi
1511 1056 1573 1104 suut
1585 1053 1701 1114 Polycleti
1713 1067 1814 1116 manus,
1833 1081 1837 1094 ι

1144 1151 1202 1202 que
1213 1139 1319 1202 antiquis
1328 1139 1511 1202 operibusartis
1521 1141 1632 1204 spiritum
1646 1141 1797 1206 largiuntur?

1114 1225 1170 1290 quis
1181 1239 1263 1277 comas
1277 1227 1372 1277 Melites
1383 1225 1565 1290 suaveolentes,
1575 1231 1619 1278 ant
1632 1228 1743 1280 amantia

1144 1316 1236 1366 lumina
1248 1319 1274 1366 et
1285 1316 1341 1366 nolli
1355 1315 1509 1379 splendorem
1522 1315 1636 1381 effingat?

1114 1403 1157 1453 uhi
1171 1403 1280 1464 lictores,
1297 1406 1323 1454 et
1337 1403 1380 1452 uhi
1389 1405 1448 1453 sunt
1461 1403 1589 1468 lapicidas?
1599 1404 1683 1456 deruit
1693 1408 1768 1458 talem

1145 1492 1249 1540 sormam
1256 1493 1374 1554 ternplum
1384 1491 1488 1554 habere,
1499 1494 1528 1542 nt
1536 1493 1710 1545 immortalium
1721 1495 1859 1561 imaginem.

1323 1645 1359 1689 lo.
1377 1639 1476 1690 MARGI
1490 1641 1686 1690 ARGENTARII.

1113 1792 1182 1840 Luna
1195 1775 1412 1850 cornibusaurels,
1426 1789 1481 1840 hee
1493 1789 1563 1852 ride,
1577 1793 1602 1841 et
1615 1805 1673 1852 ooo,
1683 1793 1891 1848 cimmo-lucentia

1144 1880 1224 1938 nsua,
1239 1889 1296 1939 queo
1311 1875 1404 1926 sinibus
1419 1877 1505 1940 exeipit
1515 1879 1641 1940 Ooeanns,

1113 1969 1142 2017 nt
1153 1980 1192 2016 me
1206 1966 1259 2016 solo
1271 1967 1356 2016 relicto
1370 1965 1597 2030 unguenta-spirans
1607 1966 1666 2018 abiit
1679 1969 1773 2030 Ariste;

1144 2053 1316 2116 serto-iamdie
1329 2053 1437 2104 invenire
1449 2067 1545 2118 magam
1557 2068 1607 2104 non
1620 2067 1730 2118 possum

1113 2141 1275 2193 Nihilominus
1285 2144 1368 2192 tamen
1377 2155 1518 2205 queremus
1531 2155 1586 2192 eam
1598 2161 1604 2190 ε
1614 2143 1725 2208 proiecto
1735 2144 1865 2195 immittam

1144 2230 1255 2294 cypridis
1265 2230 1424 2294 vestigatores
1436 2244 1509 2281 canes
1524 2233 1659 2293 argenteos.

1361 2305 1381 2340 ο

1392 2383 1428 2429 17.
1447 2381 1611 2430 GAETULICI.

1114 2507 1473 2587 araonmuttoruuspeeuix,
1490 2523 1776 2584 terruannorum

1144 2613 1293 2677 placentulas
1307 2615 1332 2660 et
1343 2611 1425 2660 tenuis
1439 2611 1503 2661 dona
1517 2611 1630 2660 saemficii
1649 2633 1655 2661 :

1113 2715 1167 2751 eras
1180 2701 1244 2751 enim
1257 2699 1319 2750 Ionii
1333 2702 1416 2750 moris
1429 2701 1513 2748 vastos
1524 2699 1616 2749 fluetus
1628 2699 1748 2761 trajioim

1144 2801 1275 2852 properans
1290 2788 1381 2850 npstrae
1396 2786 1422 2834 in
1437 2785 1650 2836 sinumldotheae.
1699 2807 1701 2811 ·

1113 2875 1225 2926 Secunda
1237 2888 1296 2924 vero
1312 2874 1406 2937 affulge
1418 2887 1473 2923 meo
1489 2875 1514 2924 et
1527 2875 1604 2923 amori
1613 2877 1638 2924 et
1646 2875 1722 2938 malo,

1144 2963 1240 3013 domina
1249 2965 1274 3012 et
1283 2962 1461 3024 thalamorum,
1476 2961 1562 3024 cypri,
1573 2965 1598 3011 et
1610 2962 1734 3014 littorum!

1424 3123 1459 3168 is.
1477 3119 1589 3166 aestui.

1113 3269 1197 3318 Potius
1210 3281 1285 3330 συεω
1301 3265 1419 3331 supernas
1431 3267 1569 3316 matrones
1578 3265 1690 3329 eligimus
1702 3279 1792 3328 servm,
1809 3283 1856 3320 nos

1143 3357 1187 3420 qui
1196 3355 1327 3406 luxuriosis
1337 3353 1410 3404 furtis
1424 3367 1473 3402 non
1486 3352 1644 3404 delectamur.

1111 3447 1163 3497 Illis
1173 3443 1272 3508 quidem
1279 3443 1343 3492 eutis
1351 3441 1401 3491 olet
1410 3444 1570 3508 unguentum,
1582 3453 1745 3505 effugatisque
1753 3445 1891 3496 eatieroria

1143 3537 1168 3584 ot
1177 3546 1234 3582 eum
1242 3529 1350 3594 periculo
1360 3529 1468 3579 furtivus
1481 3529 1641 3590 morabitur,

1111 3622 1151 3671 liis
1164 3634 1222 3671 vero
1233 3622 1271 3670 est
1285 3618 1375 3682 gratia,
1386 3619 1411 3666 et
1419 3617 1516 3680 propria
1530 3617 1606 3679 ontis,
1616 3619 1642 3666 et
1649 3616 1728 3668 lentus
1738 3623 1854 3682 paratus,

1142 3708 1255 3774 pretiosis
1263 3705 1334 3756 donis
1342 3717 1391 3754 nou
1399 3703 1579 3753 insanientium.

1111 3803 1196 3854 unitor
1207 3799 1329 3864 Pyrrhum
1341 3795 1441 3846 Achillis
1451 3793 1552 3860 filium,
1562 3796 1605 3859 qni
1617 3795 1761 3860 peluem

1143 3889 1280 3939 Hermione
1291 3885 1361 3936 uxori
1375 3883 1487 3934 ancillam
1496 3883 1690 3936 Andromachen.

1404 4047 1441 4092 19.
1463 4051 1609 4096 EJUSDEM.

1112 4194 1165 4242 Nou
1178 4189 1282 4253 amplius
1290 4189 1534 4250 puerorum-amator,
1547 4189 1575 4236 ut
1584 4185 1656 4247 olim,
1667 4185 1710 4236 sed
1719 4199 1784 4236 aune
1793 4199 1870 4236 roeor

1346 4385 1385 4433 ιθ.
1400 4399 1477 4432 ιτιισι
1495 4398 1654 4432 aaaanraarr.

1110 4535 1176 4579 Luna
1190 4527 1254 4577 sides
1269 4535 1294 4576 et
1302 4542 1343 4575 vos
1361 4523 1508 4574 flammantia
1519 4524 1598 4574 sidera
1612 4523 1684 4588 eceli,

1143 4609 1234 4660 Ooeani
1248 4608 1329 4673 refugo
1342 4623 1401 4673 qaros
1418 4607 1482 4673 sapit
1491 4607 1555 4657 unda
1570 4605 1624 4657 sinu
1639 4621 1646 4656 :

1111 4699 1147 4744 En
1159 4703 1242 4742 nectar
1254 4692 1363 4742 redolens
1374 4691 1452 4740 nolum
1459 4706 1498 4740 me
1506 4689 1595 4756 linquit
1606 4689 1686 4740 Ariste
1701 4707 1707 4739 :

1142 4775 1255 4841 Improba
1268 4789 1309 4824 sex
1320 4782 1383 4823 totos
1393 4789 1443 4822 non
1456 4771 1517 4821 mihi
1528 4771 1577 4820 visa
1586 4771 1644 4820 dies,

1109 4859 1215 4908 Scrutari
1227 4867 1319 4908 certum
1328 4865 1408 4906 tamen
1420 4864 1456 4906 est
1471 4869 1478 4906 τ
1493 4854 1614 4904 mittemus
1625 4852 1651 4902 in
1665 4852 1730 4903 iilam

1147 4943 1270 5008 Cypridos,
1281 4941 1372 5005 argenti
1381 4940 1487 5006 pondera
1500 4953 1572 4998 oum,
1582 4951 1661 4986 eanoe.

1422 5089 1460 5137 ¹9·
1479 5088 1577 5122 norror.

1076 5217 1078 5220 “
1112 5213 1174 5258 Anile
1185 5208 1281 5273 quidem
1291 5206 1374 5273 pueri,
1390 5207 1431 5256 aad
1443 5223 1506 5256 nune
1515 5221 1567 5258 mea
1584 5221 1641 5254 eura
1654 5201 1752 5270 puellm
