4018 5938
615 453 738 515 CAPUT
758 456 806 516 IV.
830 457 1018 518 PROOEMIA
1038 459 1373 526 ANTHOLOGIARUM.
1748 479 1784 538 oi

158 600 174 640 ε
198 581 283 660 λόγων
297 583 348 662 γὰρ
362 587 426 658 ἡμῖν
439 585 587 643 πολυτελῶν
602 585 648 644 καί
661 588 787 654 ποικίλων

198 669 291 728 πολλοὶ
304 670 439 748 προθέντες
454 679 596 748 παμμιγεῖς
610 673 738 751 εὐωχίας,

199 765 363 837 περιφρονεῖν
380 758 496 816 πείθουσι
510 762 561 816 τῶν
577 761 737 837 είθισμίνων.

199 844 237 904 Τί
247 845 275 903 δὲ
289 850 333 902 νῦν
344 844 461 917 ποιήσως
473 843 510 922 μὴ
524 846 558 904 εδ
571 848 808 929 προθξειργασμένα

200 930 281 998 οὕτως
295 931 366 990 ἐείσω
379 937 549 1012 ευντετῆχθαι
562 935 686 1012 κείμενα,

147 1035 174 1072 ιο
201 1018 220 1089 ἢ
234 1021 278 1078 καί
291 1015 431 1098 ’προθῶμαι
444 1023 491 1090 τῆς
504 1025 599 1102 ἀγορᾶς
614 1025 640 1081 έν
652 1027 690 1101 τῷ
705 1023 794 1104 μέσιρ,

202 1106 411 1183 παλεγκαπήλοις
426 1109 534 1174 εὐτελῶς
548 1111 723 1186 θπεμπολῶνς
818 1173 822 1182 ,

203 1196 257 1254 Καί
271 1195 310 1262 τίς
325 1203 466 1274 μετασχεῖν
477 1199 529 1254 τῶν
544 1199 613 1272 ίμῶν
631 1197 764 1270 ἀνέξεταις

194 1282 239 1348 Ιτίς
250 1283 272 1339 δ’
282 1281 315 1340 διν
326 1282 430 1360 πρίαιτο
441 1283 500 1350 τοὺς
513 1283 602 1360 λόγους
613 1285 769 1362 τριωόόλου,

201 1371 224 1426 εί
238 1367 274 1444 μή
287 1370 361 1453 φέροι
375 1393 431 1438 πως
445 1359 500 1450 ῶτα
513 1371 549 1447 μὴ
564 1372 724 1450 τετμημένας

148 1477 173 1514 ιε
201 1457 269 1517 Ἀλλ’
282 1457 351 1516 ἐστὶν
367 1459 439 1524 ἐλπίς
453 1459 564 1533 εὐμενῶς
575 1461 627 1516 τῶν
644 1459 782 1537 δρωμένων

201 1549 267 1620 ὑμᾶς
280 1543 450 1620 μεταλαόεῖν,
462 1546 507 1602 κού
518 1545 773 1622 κατεόλακευμένως·

200 1633 255 1700 ἔθος
268 1632 318 1712 γὰρ
333 1635 393 1707 ύμῖν
407 1635 441 1710 τῇ
454 1632 584 1710 προθυμίᾳ
600 1633 666 1711 μόνῃ

183 1761 185 1764 -
200 1723 295 1800 τῇτῶν
311 1719 458 1778 καλούντων
472 1721 609 1799 έμμετρεῖν
623 1720 657 1778 τδ
671 1722 753 1782 σιτία.

203 1807 258 1868 liei
273 1807 337 1886 πρός
349 1831 380 1886 γε
393 1806 477 1887 τούτῳ
492 1809 593 1866 δεῖπνον
604 1810 776 1887 ἠφανισμένον

148 1908 176 1944 ³⁰
201 1895 259 1966 ἥκω
272 1894 409 1974 προθήσων
424 1897 454 1952 ἐκ
472 1893 538 1953 νέων
552 1897 718 1971 ἡδυσμάτων.

203 1984 280 2043 Ἐπεί
293 1981 344 2062 γδιρ
358 1983 406 2040 οὐκ
422 1981 519 2040 ἔνεστιν
534 1981 560 2050 ἐξ
575 1986 638 2058 ἐμοῦ
653 1983 732 2058 μόνου

201 2074 270 2146 ὑμᾶς
284 2068 442 2144 μεταλαύεῖν
451 2113 459 2146 ,
469 2069 570 2147 ἄνδρες,
582 2069 655 2137 ἀξίας
664 2075 776 2152 τροφῆς,

200 2156 310 2223 πολλοὺς
329 2155 422 2216 ἔπεισα
438 2157 575 2215 συλλαόεῖν
590 2179 634 2234 μοι
646 2164 691 2218 τοῦ
704 2159 798 2236 πόνου,

201 2245 246 2303 καί
260 2242 467 2322 συγκαταόαλεῖν
481 2245 526 2302 καί
540 2255 675 2303 συνεστιᾶν
687 2245 775 2308 πλέον.

147 2347 174 2386 εί
204 2333 256 2392 Καὶ
269 2333 300 2405 δὴ
315 2330 446 2411 παρέσχον
460 2333 575 2411 ἀφθόνως
585 2335 609 2390 oi
622 2331 740 2390 πλούσιοι

187 2423 228 2488 ,ἐξ
238 2411 274 2478 ῶν
287 2425 415 2500 τρυφῶσι·
426 2420 471 2479 καί
485 2419 644 2499 :reparator
656 2419 767 2498 γνησίως

202 2513 229 2565 ἐν
240 2513 292 2574 τοῖς
306 2507 410 2566 ἐκείνων
426 2507 548 2584 πέμμασι
561 2507 736 2586 φρυείττομαι.

201 2601 287 2657 Τοῦτο
300 2596 327 2654 δέ
339 2620 377 2662 τις
391 2598 476 2654 αὐτῶν
490 2595 661 2674 προσφόρως,
679 2593 776 2661 δεικνὺς
791 2595 854 2672 ἐμὲ,

201 2687 262 2750 ἴσως
274 2687 327 2762 ἐρεῖ
338 2683 402 2762 πρὸς
416 2684 507 2741 ἄλλον·
523 2709 534 2733 ι
547 2681 651 2760 Ἀρτίως
663 2683 726 2756 ἐμοῦ
815 2719 819 2726 -

147 2797 175 2846 ap
202 2801 215 2826 ι
237 2772 321 2848 μείζαν
337 2769 485 2849 μεμαχότος
500 2767 626 2843 μουσικήν
639 2791 667 2826 τε
682 2770 726 2826 καί
738 2770 814 2846 νέαν,

200 2889 213 2913 ι
234 2852 306 2925 οὗτος
319 2859 464 2936 παρέθηκεν
480 2857 526 2926 rip
540 2855 584 2913 ὑπ’
599 2859 661 2932 ἐμοῦ
676 2858 859 2934 μεμαγμένην.
876 2885 888 2908 ¹

200 2949 284 3006 Τοῦτ’
298 2937 340 3004 σύν
355 2947 407 3022 έρεῖ
420 2967 474 3015 τις,
489 2941 546 3002 odii
555 2939 605 3001 τῶν
621 2944 793 3022 σοφωτάτων,

200 3037 252 3092 τῶν
265 3035 394 3112 ὀψοποιῶν
405 3077 412 3100 ,
424 3021 462 3090 ὧν
474 3029 550 3110 χόριν
566 3032 633 3089 δοκῶ
646 3031 720 3108 μόνος

201 3111 269 3178 εἶναι
281 3118 409 3189 τοσαύτης
424 3117 529 3194 ἡγεμὼν
542 3118 709 3184 πανδαισέας.

146 3223 174 3260 ss
201 3209 314 3288 Θαῤῥῶν
328 3206 379 3284 γὰρ
394 3205 480 3268 αὐτοῖς
490 3203 560 3262 λιτδν
569 3205 668 3263 οἴκοθεν
683 3204 759 3282 μέρος

201 3295 294 3360 καύτὸς
308 3291 452 3368 παρέμιξα,
463 3296 508 3349 τοῦ
520 3291 602 3349 δοκεῖν
614 3291 650 3364 μὴ
663 3291 796 3360 παντελῶς

201 3379 269 3447 ξένος
280 3403 319 3446 τις
330 3371 395 3437 εἶναι
408 3381 460 3437 τῶν
474 3377 518 3436 ὑπ’
532 3380 596 3454 ῖμοῦ
609 3379 786 3454 συνηγμένων.

201 3467 272 3526 Ἀλλ’
280 3467 306 3535 ἐξ
321 3465 430 3540 ίκείστομ
444 3465 553 3542 σμικρὸν
569 3464 665 3542 εἰσιέγω
675 3466 768 3544 μέρος,

202 3554 261 3614 ὅσον
277 3559 435 3628 ἀπογεῦσαι·
445 3556 496 3611 τῶν
507 3552 533 3610 δὲ
544 3555 640 3610 λοιπῶν
654 3554 677 3611 εί
690 3553 759 3611 θελοι

147 3665 176 3703 ιο
202 3647 289 3724 πιχεῖν
302 3665 342 3708 τις
353 3641 475 3700 ἁπάντων
489 3640 533 3698 καί
548 3648 688 3720 μετασχεῖν
701 3643 736 3707 είς
751 3640 844 3720 κόρον,

202 3733 268 3791 ἵστω
281 3753 310 3806 γε
321 3734 407 3787 ταῦτα
421 3730 480 3786 κατ’
497 3727 592 3805 ἀγορὰν
605 3725 726 3798 ζητητέα.

204 3819 308 3892 Κόσμον
324 3815 351 3875 δέ
364 3815 482 3893 προσθεὶς
490 3814 543 3880 τοῖς
560 3816 631 3888 ἐμοῖς
644 3813 797 3888 πονήμασι,

201 3909 284 3962 ε’κτοῦ
297 3901 425 3982 βασιλέως
436 3899 494 3966 τούς
507 3899 646 3978 προλόγους
657 3899 814 3976 ποιήσομαιι

202 3989 307 4049 ἅπαντα
320 3987 372 4068 γείρ
386 4009 431 4062 μοι
446 3985 533 4052 δεξιῶς
546 3983 717 4064 προόνίσετιιι.

147 4091 173 4130 ⁴⁶
204 4077 257 4136 Καί
272 4098 316 4152 μοι
326 4075 455 4152 μεγίστων
469 4073 631 4153 πραγμάτων
641 4073 807 4150 ύμνουμένων

201 4164 284 4244 εύρεῒν
300 4165 399 4240 γένοιτο
413 4161 457 4219 καί
468 4162 555 4238 λόγους
568 4159 735 4238 ίπηρμένους.

240 4325 287 4395 Μή
303 4347 340 4390 τις
354 4321 521 4400 ῦπαυχενίοιο
534 4319 618 4379 λιπὼν
633 4323 755 4399 ζωστῆρα
769 4319 895 4378 λιπόδνου

201 4413 331 4494 βέρῦαρος
345 4412 371 4476 ές
386 4411 501 4488 βασιλῆα
515 4408 646 4486 βιημοίχον
660 4405 735 4484 ὄμμα
748 4405 875 4488 τανύσσῃ·

141 4523 144 4528 ·
200 4501 262 4578 μηδ’
276 4498 317 4557 ἔτι
333 4498 429 4576 Περσὶς
444 4495 550 4562 ἄναλκις
566 4493 743 4554 ἅναοτεέλασα
759 4493 925 4572 καλύπτρην

144 4601 173 4639 ⁸⁰
198 4591 284 4670 όρθιον
297 4585 431 4664 ἄθρήσειεν
439 4607 445 4620 ·
454 4581 630 4652 έποκλοίέουσα
640 4579 667 4639 δέ
678 4580 758 4660 γαίη,

198 4677 245 4737 καὶ
264 4674 341 4753 λόφον
353 4672 485 4750 αὖχήεντα
502 4669 741 4747 καταγνόμπτουσα
753 4667 892 4738 τενόντων,

180 4775 182 4778 ’
201 4763 334 4828 Αύσονίοις
349 4761 462 4832 ἄκλητος
475 4756 637 4816 ύποκλένοιτο
648 4755 794 4822 ταλόντοις.

198 4848 329 4928 Ἑσπερέη
346 4847 505 4926 θεράπαινα,
521 4843 553 4903 σθ
568 4845 590 4902 δ’
603 4845 627 4908 ές
637 4843 751 4919 κρηπῖδα
765 4841 911 4920 Γαδείρων,

198 4937 243 4992 καὶ
257 4936 330 5014 παρθ
339 4932 455 5012 πορθμὸν
467 4930 564 5011 Ἰόηρα
578 4927 623 4986 καὶ
635 4927 801 4986 Ὠκεανίτιδα
815 4927 929 4999 Θούλην,

145 5045 172 5082 so
198 5022 277 5094 ἤπιον
291 5021 479 5099 ἅμπνεύσειας,
492 5014 636 5094 ἀμοιόαίῖον
649 5015 674 5072 δδ
683 5013 813 5094 τυρόννων

187 5111 303 5190 ’κρέατα
319 5108 474 5189 μετρήσασα
486 5110 533 5184 τεῇ
548 5101 691 5183 κρυφθέντα
704 5102 795 5180 κονίῃ,

200 5199 355 5280 θαρσαλέαις
366 5197 506 5278 παλάμῃσι
521 5195 597 5276 φίλην
612 5192 723 5269 dissideo
734 5191 854 5268 Ῥόιμην·

1020 613 1159 662 sermonum
1167 605 1231 654 enim
1239 607 1309 657 nobis
1322 609 1520 670 sumptuosarum
1534 621 1563 660 εο
1577 611 1697 662 rariorum

1019 691 1089 740 multi
1099 691 1318 756 qui-apposuerunt
1329 696 1467 760 omnigenas
1481 697 1573 760 epulas,
1599 679 1604 693 „

1018 777 1220 841 rit-despiciamus
1232 782 1378 844 persuadent
1391 785 1468 835 solito.

1019 865 1084 922 Quid
1093 867 1166 930 igitur
1175 881 1241 918 nune
1250 869 1353 920 faciam?
1364 885 1424 922 num
1437 877 1493 924 ante
1502 877 1585 936 persta

1018 955 1054 1004 sie
1065 955 1143 1005 sinum
1154 958 1263 1008 oonsumi
1273 961 1395 1022 jacentia?

1018 1043 1057 1092 vel
1070 1043 1143 1094 etiam
1155 1057 1285 1108 proponam
1294 1047 1320 1096 in
1328 1048 1408 1098 medio
1419 1050 1484 1110 iero,

1018 1128 1122 1190 propolis
1133 1129 1266 1192 viii-pretio
1275 1133 1432 1182 venundans?

1018 1216 1048 1264 nt
1055 1215 1110 1278 quis
1119 1217 1335 1282 remrein-partem
1344 1233 1453 1271 meorum
1464 1224 1608 1273 sustinebit?

1019 1303 1075 1365 quis
1084 1307 1148 1354 emet
1155 1304 1201 1355 hoe
1212 1319 1335 1365 sermones
1343 1308 1459 1370 triobolo,

1018 1391 1065 1441 nisi
1079 1393 1140 1444 forte
1149 1407 1221 1444 aures
1235 1394 1297 1445 ierat
1308 1407 1357 1444 non
1366 1397 1516 1459 perforatas?

1019 1480 1066 1529 Sed
1079 1493 1134 1544 spes
1146 1484 1183 1531 eet
1193 1481 1309 1532 benevole
1319 1497 1364 1533 vos
1372 1486 1574 1548 qua—parovimus

1019 1571 1160 1632 accepimns
1172 1583 1237 1630 esse,
1251 1571 1526 1632 nequeremisso-animo
1542 1587 1546 1613 :

1018 1669 1072 1706 uros
1083 1656 1146 1706 enim
1157 1659 1195 1707 est
1209 1657 1277 1708 vobis
1288 1671 1318 1708 ex
1329 1659 1382 1708 solo
1396 1659 1478 1708 studio

1018 1746 1158 1796 vocantium
1170 1747 1250 1797 metiri
1264 1749 1416 1809 (estimare)
1431 1747 1505 1797 cibos.

1019 1840 1053 1884 Αε
1065 1837 1181 1898 pretereo
1191 1836 1333 1890 consonam
1344 1851 1437 1886 omnam

1019 1924 1106 1974 adsum
1117 1925 1271 1988 appositums
1285 1939 1314 1976 ex
1328 1927 1398 1976 noris
1416 1915 1582 1977 condimentis.

1019 2013 1114 2076 Quippe
1125 2013 1239 2074 quoniam
1247 2027 1295 2063 non
1308 2017 1346 2063 est
1360 2016 1389 2062 ui
1399 2027 1428 2062 er
1438 2027 1478 2063 me
1488 2017 1539 2064 solo

1019 2114 1063 2150 ros
1074 2101 1201 2165 participes
1215 2101 1292 2161 iratis,
1306 2101 1364 2162 viri,
1377 2101 1456 2164 dignm
1468 2101 1549 2165 dapis,

1020 2190 1104 2238 multis
1113 2190 1222 2252 persuasi
1236 2189 1427 2239 ut'soeii-srereni
1436 2189 1605 2252 mibilaboris‚

1020 2281 1045 2328 et
1055 2281 1359 2342 una-sumptuserogarent
1370 2281 1395 2328 et
1409 2279 1601 2343 una-aociperent
1617 2293 1661 2329 vos
1671 2279 1773 2330 lautius.

1021 2369 1051 2418 nt
1062 2380 1119 2418 sane
1134 2368 1199 2430 large
1214 2367 1370 2430 praebuerunt
1382 2365 1470 2417 divites

1020 2468 1051 2504 ex
1065 2455 1199 2517 iis-quibus
1212 2455 1333 2512 aiiiuunt3
1351 2457 1377 2504 et
1394 2455 1499 2517 acceptis
1511 2455 1615 2518 ingenue

1021 2542 1046 2592 in
1057 2555 1141 2592 eorum
1150 2543 1266 2605 placentis
1278 2543 1376 2591 serneio.

1020 2633 1072 2680 iioo
1087 2644 1144 2680 rere
1160 2631 1247 2692 aliquis
1256 2643 1341 2680 eorum
1353 2633 1408 2692 apte
1418 2643 1473 2690 ‚me
1484 2633 1636 2691 monstrans,

1020 2718 1119 2768 forsitan
1128 2717 1193 2768 dicet
1203 2718 1273 2768 alteri
1285 2738 1290 2766 :
1302 2711 1315 2761 <i
1329 2720 1411 2774 Quum
1422 2731 1501 2782 nuper
1509 2731 1553 2780 ego

1021 2827 1032 2849 «ι
1043 2805 1288 2868 mazampinsuissem
1296 2805 1464 2868 musicamque
1479 2807 1503 2854 et
1513 2817 1615 2864 novam,

1021 2890 1036 2938 ι’
1050 2893 1091 2943 bie
1102 2893 1214 2956 apposuit
1225 2905 1300 2955 quam
1314 2905 1358 2956 ego
1372 2892 1519 2955 pinsueram.
1534 2913 1545 2935 n

1019 2986 1078 3032 ίίεεο
1089 2983 1161 3046 igitur
1171 2981 1233 3032 <lieet
1245 2980 1345 3042 aliquis,
1356 2993 1435 3042 neque
1448 2993 1479 3030 ex
1493 2963 1650 3042 duodennis,

1019 3071 1198 3130 obsonatorum,
1211 3082 1318 3132 quorum
1330 3069 1406 3132 gratia
1415 3067 1499 3118 videor
1509 3069 1577 3118 solus

1018 3173 1072 3209 esse
1087 3157 1225 3222 tam-magni
1234 3169 1275 3206 rex
1289 3156 1399 3206 convivii.

1018 3248 1106 3298 Fidens
1118 3246 1182 3296 enim
1193 3245 1241 3295 iliis
1254 3247 1354 3294 tenuem
1369 3244 1442 3293 domo
1454 3244 1588 3306 portionem

1019 3336 1092 3386 etiam
1100 3335 1151 3398 ipse
1161 3333 1291 3394 admiscui,
1302 3347 1332 3382 ne
1343 3325 1443 3396 prorsus
1453 3331 1548 3382 viderer

1018 3423 1107 3487 hospes
1118 3420 1218 3484 quidam
1228 3435 1282 3471 esse
1288 3421 1350 3470 inter
1359 3433 1401 3470 eos
1411 3433 1472 3482 quos
1486 3419 1635 3483 congregavi.

1019 3512 1133 3562 cesenam
1148 3524 1179 3560 ex
1190 3521 1339 3572 unoquoque
1349 3520 1448 3571 parvum
1460 3519 1554 3570 appono
1567 3509 1669 3569 purtem,

1018 3595 1245 3662 quantnmsatis-ad
1260 3594 1420 3658 gustandum
1434 3593 1527 3656 reliqua
1538 3605 1597 3643 vero
1612 3593 1633 3644 si
1646 3595 1704 3643 reiit

1019 3690 1074 3752 quis
1082 3687 1190 3738 obtinere
1200 3689 1252 3737 tota
1264 3689 1344 3748 iisque
1354 3685 1402 3734 frui
1413 3683 1445 3733 ad
1459 3684 1602 3744 satietatem,
1693 3680 1695 3687 '

1019 3778 1094 3837 seito,
1111 3777 1164 3828 bun
1172 3777 1196 3826 in
1212 3776 1264 3825 iore
1273 3788 1327 3824 esse
1342 3773 1481 3836 quaerenda.

1019 3869 1136 3916 Cosmum
1150 3861 1305 3926 (ommium)
1317 3873 1376 3910 vero
1388 3859 1480 3908 addens
1489 3859 1550 3908 meis
1559 3858 1769 3911 lucubrationibus

1019 3970 1051 4006 ex
1060 3957 1206 4018 imperatore
1218 3952 1381 4017 praeloquium
1394 3951 1500 4000 faciam:
1590 3993 1592 3996 .

1020 4047 1108 4094 cuncta
1120 4043 1186 4092 enim
1196 4043 1232 4091 sie
1245 4039 1305 4090 mihi
1313 4039 1396 4089 dextre
1412 4037 1550 4102 procedent.

1019 4138 1054 4182 Αο
1065 4131 1134 4192 mihi,
1144 4130 1188 4196 qui
1198 4127 1373 4180 maximataeta
1382 4127 1465 4187 canto,

1019 4222 1123 4287 reperire
1137 4220 1258 4283 contingat
1269 4220 1342 4270 etiam
1352 4216 1426 4267 rerba
1435 4215 1540 4280 grandia.

1050 4315 1085 4360 Ne
1093 4311 1149 4375 quis
1158 4307 1283 4360 uersiculis
1296 4306 1340 4357 lori
1350 4305 1447 4369 cinguuio
1460 4305 1545 4355 relicto

1019 4401 1136 4451 barbanus
1147 4399 1173 4447 in
1181 4397 1350 4461 imperatorem
1356 4392 1574 4456 rioientumamnis
1580 4391 1664 4442 oeulos
1672 4393 1790 4454 intendat,

1018 4503 1079 4539 neve
1094 4486 1198 4550 amplius
1212 4483 1293 4534 Persis
1305 4481 1410 4532 invalida
1429 4479 1662 4530 sursum-retrahens
1680 4480 1777 4532 mitram

1018 4574 1177 4627 rectis-oculis
1184 4586 1244 4624 σεται
1252 4573 1384 4632 intueatur,
1395 4569 1437 4619 sed
1450 4569 1543 4633 poplite·
1548 4565 1711 4632 procumbens
1716 4567 1787 4618 humi

1018 4669 1043 4716 et
1054 4665 1152 4716 erisiam
1165 4661 1294 4725 superbam
1303 4656 1479 4710 inclinans-sub
1495 4656 1622 4716 oerrioem,

1017 4753 1141 4813 Ausoniis,
1155 4750 1348 4805 nullo-vocante,
1361 4745 1530 4795 mousom-se
1543 4741 1660 4794 landbus.
1712 4737 1715 4748 ’

1017 4841 1132 4904 Hesperia
1147 4833 1353 4896 ismuia‚turero
1362 4833 1393 4882 ad
1405 4831 1551 4896 crepidinem
1565 4829 1683 4894 Gadium,

1017 4933 1042 4980 et
1054 4927 1118 4992 apud
1136 4927 1225 4976 iretum
1239 4923 1360 4974 ibericum
1372 4919 1512 4983 Oceanique
1523 4918 1629 4980 Thulen,

1016 5018 1101 5070 leniter
1112 5015 1230 5079 respires,
1244 5015 1270 5062 et
1283 5009 1514 5072 seseercipientium
1522 5011 1679 5069 tyrannorum

1016 5105 1095 5169 espita
1108 5104 1216 5154 dimensa
1224 5101 1301 5152 intuo
1314 5097 1410 5148 condita
1423 5095 1537 5159 pulvere,
1599 5119 1601 5123 ·

1017 5191 1147 5242 fidentibus
1159 5189 1245 5254 polmis
1254 5201 1334 5238 earam
1343 5185 1486 5248 amplectere
1499 5183 1610 5252 iiomnmi

1096 5289 1100 5298 '
1677 5281 1696 5320 ι.
