4018 5938
822 493 1034 555 PRAEFATlO.
1673 497 1701 556 ix

168 627 269 696 lentiae
284 640 401 696 autem
415 640 450 696 et
465 626 642 714 amicitias,
657 649 726 721 qua
742 649 806 722 per
820 639 933 694 totam
949 627 1058 696 vitam
1077 627 1324 699 Boissonadius
1336 627 1506 698 Didotum
1522 629 1704 726 atriplexus

168 764 251 839 erat,
269 749 341 818 hoc
357 748 456 818 dedit
478 747 569 819 filius
590 763 629 817 ut
650 747 790 818 chartas
805 749 941 818 erudita
957 749 1087 846 pietate
1105 765 1273 846 tanquam
1291 767 1431 822 renatas
1449 753 1620 823 Didotum
1636 779 1702 850 po·

167 874 226 942 tius
239 896 346 968 quam
361 871 543 942 librarium
558 871 666 940 alium
681 895 763 940 cum
776 870 969 940 lectoribus
986 877 1150 964 positast
1169 875 1434 944 communicare
1452 873 1569 946 vellet.

207 994 354 1083 Quibus,
370 994 457 1064 dum
485 995 637 1091 seposita
660 993 906 1089 quiescebant,
922 1008 1140 1064 accesserant
1155 1019 1233 1090 quae
1250 1001 1268 1065 J
1273 1020 1431 1072 aconsrus
1453 1012 1572 1067 nostra
1596 1000 1705 1094 gratia

166 1142 201 1186 ex
225 1118 353 1211 ingenii
375 1131 409 1186 et
427 1117 598 1186 doctrinae
620 1117 732 1212 copiis
753 1116 1039 1212 deprompserat,
1059 1143 1137 1213 quae
1164 1124 1337 1208 Bornrus,
1362 1118 1517 1216 denique
1542 1145 1620 1216 quae
1642 1147 1706 1218 per

166 1241 278 1332 viginti
295 1264 408 1310 annos
425 1241 541 1309 eximii
555 1240 669 1310 critici
685 1239 730 1310 de
748 1237 956 1332 anthologia
971 1242 1199 1337 scripserant,
1222 1265 1376 1337 quorum
1393 1242 1524 1331 libros,
1544 1244 1702 1334 libellos,

165 1365 489 1450 commentationes,
507 1363 772 1434 observationes
787 1361 1035 1432 ssoissonadius
1056 1385 1128 1429 non
1144 1360 1277 1430 viderat
1291 1359 1379 1430 dum
1398 1362 1435 1431 in
1451 1362 1578 1432 eodem
1598 1390 1706 1464 opere

164 1485 376 1574 versabatur,
392 1488 525 1583 quippe
540 1485 703 1556 nondum
718 1485 756 1555 in
773 1483 892 1554 lucem
905 1483 1011 1554 edita.
1032 1488 1113 1552 Haec
1127 1485 1247 1552 omnia
1262 1484 1583 1579 quemadmodum,
1602 1490 1630 1556 si
1653 1491 1706 1558 vi-

163 1622 272 1696 veret,
293 1609 439 1680 minime
456 1608 662 1703 neglexisset
683 1606 892 1678 immortalis
911 1607 977 1676 viri
996 1607 1084 1676 mira
1106 1604 1306 1699 diligentia,
1331 1607 1380 1676 ita
1404 1621 1486 1703 post
1508 1608 1706 1679 dolendum

165 1731 270 1800 fatum
286 1756 360 1800 non
376 1757 450 1802 esse
470 1730 677 1826 negligenda
689 1729 864 1824 judicavit
881 1728 1048 1815 Didotus,
1062 1727 1123 1798 sed
1142 1729 1455 1800 commemoranda
1475 1755 1707 1828 quaecumque

164 1868 221 1923 aut
236 1855 563 1952 interpretationem
587 1877 709 1924 sanam
731 1853 898 1948 adjuvare
913 1867 973 1922 aut
989 1852 1115 1922 vitiose
1131 1853 1261 1949 scripta
1284 1854 1459 1948 corrigere
1482 1879 1586 1952 posse
1607 1857 1707 1927 vide-

162 1986 293 2042 rentur.
344 1989 352 2003 ·

210 2101 367 2170 Huncin
392 2098 539 2169 modum
554 2123 593 2168 re
614 2101 821 2188 constituta,
840 2099 996 2171 celebres
1013 2099 1110 2197 apud
1136 2124 1201 2169 nos
1222 2098 1387 2195 reliquias
1407 2104 1612 2173 Cunnuours
1635 2106 1706 2172 Ro-

161 2253 317 2312 cum‘ru,
334 2251 412 2322 quae
425 2250 521 2296 nunc
539 2227 576 2296 in
597 2226 771 2322 imperiali
789 2224 1004 2296 Bibliotheca
1020 2238 1287 2310 conservantur,
1304 2225 1532 2295 excutiendas
1546 2251 1619 2296 esse
1639 2251 1707 2323 pu·

161 2352 241 2420 tavi.
259 2354 310 2419 De
320 2349 450 2445 quibus
460 2373 543 2418 vera
561 2349 718 2419 retulisse
731 2349 882 2444 cognovi
900 2346 1065 2416 Piccolon
1075 2360 1236 2417 nostrum
1250 2346 1484 2444 (Suppldment
1498 2348 1521 2418 ὰ
1538 2350 1705 2421 l'Antltol.

158 2498 314 2570 grecquq
333 2497 370 2569 p.
389 2472 434 2567 89
450 2471 553 2568 seq).
565 2473 749 2558 Quantivis
763 2471 830 2542 illae
840 2470 944 2568 pretii
961 2483 1063 2540 erant
1080 2484 1162 2540 ante
1176 2468 1312 2540 editum
1329 2470 1496 2541 Codicem
1512 2471 1709 2544 Palatinum
1788 2539 1791 2548 .

160 2599 304 2693 ipsum:
328 2620 424 2665 nuuc
448 2619 577 2689 magno
597 2595 717 2665 labore
737 2595 834 2666 utilia
856 2616 968 2691 pauca
991 2607 1180 2678 eruuntur3
1203 2617 1282 2687 quae
1310 2595 1380 2662 suis
1399 2592 1486 2663 locis
1510 2596 1706 2690 posuimus.

160 2716 395 2813 Excipiendus
409 2716 518 2786 codex
536 2715 961 2802 salmasio-Bulieriauus,
979 2714 1024 2784 de
1039 2740 1112 2811 quo
1127 2714 1247 2811 paullo
1262 2730 1342 2812 post
1357 2715 1528 2787 dicemus.

208 2839 427 2909 Planudeum
441 2839 603 2909 codicem
618 2840 812 2935 optimum,
826 2863 898 2935 quo
914 2838 1110 2908 Brunckius
1129 2863 1211 2908 usus
1231 2853 1299 2927 est,
1314 2827 1420 2910 docta
1435 2865 1543 2910 manu
1562 2840 1710 2937 diligen·

159 2963 294 3032 tissime
312 2961 503 3057 scriptum,
529 2960 636 3056 hujus
657 2962 793 3054 generis
816 2962 853 3030 ni
875 2960 979 3031 fallor
993 2961 1295 3057 antiquissimum,
1319 2963 1348 3033 si
1370 2963 1489 3034 denuo
1507 2979 1709 3038 tractassem

158 3083 351 3180 (bonarum
376 3083 566 3165 horarum,
584 3080 632 3151 ob
657 3083 820 3151 ordinem
835 3082 1031 3170 diversum,
1050 3081 1237 3180 dispendio
1257 3084 1424 3179 summo),
1441 3100 1502 3155 aut
1529 3084 1625 3155 nulla
1647 3101 1709 3156 aut

160 3207 437 3305 perpaucissima
460 3205 692 3303 praebiturum
712 3205 818 3276 luisse
836 3205 887 3276 rei
914 3205 1043 3275 criticae
1071 3205 1273 3300 adjumenta
1299 3231 1405 3278 nemo
1432 3207 1628 3298 dubitabit,
1648 3209 1709 3280 sed

158 3332 453 3428 epigrammatum
477 3352 556 3424 quae
583 3327 713 3398 absunt
739 3351 760 3396 a
792 3327 953 3400 Palatinis
976 3329 1193 3400 membranis
1218 3331 1407 3428 appendici
1430 3356 1542 3429 ,quam
1569 3349 1709 3429 oportet

158 3477 281 3524 curam
296 3450 555 3549 impendemus.

206 3578 411 3644 Graecorum
437 3573 543 3666 igitur
566 3587 641 3642 tum
663 3577 872 3645 Jacoasrauo
891 3575 1023 3646 ultime
1041 3599 1166 3646 manus
1184 3576 1346 3672 exemplo
1361 3579 1433 3646 sive
1457 3601 1618 3674 suprema
1643 3579 1709 3648 viri

157 3699 194 3766 in
221 3695 434 3790 Antlrologia
463 3695 655 3766 habitantis
686 3698 891 3768 recensione
916 3699 968 3768 uti
996 3695 1099 3767 nobis
1118 3698 1283 3792 contigit,
1301 3714 1377 3769 tum
1403 3705 1623 3770 Rorssouauu
1651 3727 1708 3772 re-

156 3822 342 3908 censione,
359 3821 437 3917 ipso
451 3820 605 3890 rationes
621 3819 753 3915 ubique
767 3836 984 3916 exponente;
1001 3820 1156 3916 denique
1173 3825 1370 3911 Borarxux,
1386 3822 1518 3893 leviore
1538 3849 1707 3896 nonnun-

154 3967 267 4038 quam
295 3957 330 4012 et
351 3939 628 4028 inconsiderata,
649 3940 709 4010 sed
727 3939 832 4010 bonis
857 3941 1009 4010 inventis
1028 3965 1100 4010 non
1121 3954 1273 4010 carente.
1295 3941 1416 4010 Tribus
1439 3937 1710 4012 ¹recensionibus

152 4065 302 4134 ineditis
316 4064 540 4134 admovimus
558 4063 857 4160 praestantissimas
875 4061 1138 4132 observationes
1151 4062 1201 4131 rei
1220 4062 1348 4132 criticae
1367 4063 1571 4159 principum
1594 4091 1601 4132 :
1622 4066 1710 4134 Mar-

151 4211 277 4275 usxu,
311 4190 521 4274 Hanuauru,
554 4189 721 4272 bnassu,
756 4189 933 4273 Hecxsar,
967 4187 1256 4272 Sonusrnuwrur,
1287 4186 1439 4255 Ornours
1471 4189 1710 4275 Scaurinum,

152 4313 314 4396 chmu,
333 4322 367 4376 et
386 4307 549 4377 aliorum.
572 4312 622 4376 Ex
641 4305 697 4376 bis
716 4330 794 4401 quae
815 4306 919 4376 nobis
942 4321 1105 4376 autvvera
1129 4321 1189 4376 aut
1213 4308 1372 4402 proxime
1391 4307 1435 4376 ad
1465 4331 1590 4378 verum
1607 4333 1730 4392 acce-¹

148 4432 244 4502 dere
276 4431 502 4514 videbantur,
529 4431 567 4500 in
599 4431 725 4500 seriem
751 4453 897 4525 graecam
925 4431 1139 4526 recepimus,
1170 4431 1333 4528 apposito
1370 4431 1532 4526 quidem,
1565 4447 1606 4502 ut
1636 4433 1712 4529 ipse

147 4555 328 4627 omnibus
346 4556 383 4624 in
397 4553 483 4623 locis
499 4553 657 4648 judicare
670 4555 782 4650 possit
793 4553 917 4644 lector,
931 4569 1102 4648 apparatu
1116 4555 1178 4650 qui
1190 4553 1320 4624 dicitur
1330 4552 1536 4650 plenissimo
1553 4569 1590 4624 et
1602 4579 1712 4651 quam
1795 4623 1801 4636 ,

49 4761 50 4772 ¹
146 4680 341 4777 potuimus
360 4677 589 4746 exactissimo.
606 4679 682 4762 Qua
697 4677 733 4746 in
748 4702 854 4773 opera
870 4676 999 4748 accidit
1015 4675 1118 4746 uobis
1138 4691 1177 4746 ut
1195 4677 1405 4747 miraremur
1426 4675 1530 4747 simul
1550 4691 1584 4746 et
1599 4677 1711 4750 admi-

144 4827 320 4873 raremur
336 4825 413 4870 rem
433 4823 578 4895 prorsus
595 4800 882 4896 inexspectatum.
899 4805 981 4872 Post
999 4799 1211 4896 Spalettium
1224 4814 1258 4869 et
1277 4799 1528 4888 Paulssenium,
1546 4800 1713 4896 religiose

142 4925 294 5020 singula
318 4924 438 4994 omnia
459 4921 597 4993 Codicis
620 4922 767 4992 Palatini
795 4925 960 5011 rimatos,
982 4923 1219 4996 Wecbelianae
1238 4923 1402 4994 editionis
1426 4923 1628 5020 exemplum
1650 4927 1710 4994 cui

142 5047 331 5118 Bulrerius
341 5047 546 5116 varietatem
558 5069 702 5116 omnem
716 5071 735 5114 a
747 5046 916 5117 Salmasio
928 5061 1108 5118 enotatam
1121 5047 1271 5144 eleganti
1286 5047 1422 5118 calamo
1436 5047 1709 5120 adscribendam
1796 5139 1802 5148 ·

49 5155 50 5182 l
141 5184 359 5256 curaverat,
382 5169 456 5239 sine
474 5168 547 5240 ullo
570 5168 705 5242 damno
723 5169 849 5264 negligi
868 5185 903 5241 et
921 5170 1043 5267 seponi
1065 5195 1169 5266 posse
1188 5169 1396 5259 videbatur3
1415 5184 1450 5241 et
1466 5192 1706 5267 seposueram.

263 5293 417 5329 txrttomctt.
432 5288 448 5329 l·
1575 5304 1588 5346 fl
