<?xml version="1.0" encoding="UTF-8"?>
<!DOCTYPE html PUBLIC "-//W3C//DTD XHTML 1.0 Transitional//EN"
    "http://www.w3.org/TR/xhtml1/DTD/xhtml1-transitional.dtd">
<html xmlns="http://www.w3.org/1999/xhtml" xml:lang="en" lang="en">
 <head>
  <title>
</title>
<meta http-equiv="Content-Type" content="text/html;charset=utf-8" />
  <meta name='ocr-system' content='tesseract 3.04.00' />
  <meta name='ocr-capabilities' content='ocr_page ocr_carea ocr_par ocr_line ocrx_word'/>
</head>
<body>
  <div class='ocr_page' id='page_1' title='image "./epigrammatumant02plangoog/epigrammatumant02plangoog_0339.png"; bbox 0 0 3916 5930; ppageno 0'>
   <div class='ocr_carea' id='block_1_1' title="bbox 278 465 748 650">
    <p class='ocr_par' dir='ltr' id='par_1_1' title="bbox 278 465 748 650">
     <span class='ocr_line' id='line_1_1' title="bbox 278 465 338 523; baseline 0.017 -1"><span class='ocrx_word' id='word_1_1' title='bbox 278 465 338 523; x_wconf 76' lang='lat'><strong>298</strong></span> 
     </span>
     <span class='ocr_line' id='line_1_2' title="bbox 574 599 748 650; baseline 0.011 -2"><span class='ocrx_word' id='word_1_2' title='bbox 574 599 632 649; x_wconf 81' lang='lat' dir='ltr'><strong>rar.</strong></span> <span class='ocrx_word' id='word_1_3' title='bbox 655 601 748 650; x_wconf 77' lang='lat' dir='ltr'><strong>ania.</strong></span> 
     </span>
    </p>
   </div>
   <div class='ocr_carea' id='block_1_2' title="bbox 277 715 937 798">
    <p class='ocr_par' dir='ltr' id='par_1_2' title="bbox 277 715 937 798">
     <span class='ocr_line' id='line_1_3' title="bbox 277 715 937 798; baseline 0.006 -22"><span class='ocrx_word' id='word_1_4' title='bbox 277 716 329 776; x_wconf 71' lang='lat' dir='ltr'><strong>Hal</strong></span> <span class='ocrx_word' id='word_1_5' title='bbox 342 715 386 788; x_wconf 78' lang='grc' dir='ltr'>σὲ,</span> <span class='ocrx_word' id='word_1_6' title='bbox 404 715 584 797; x_wconf 76' lang='grc' dir='ltr'>Πρωταγόρη,</span> <span class='ocrx_word' id='word_1_7' title='bbox 600 717 689 798; x_wconf 77' lang='grc' dir='ltr'>σοφίης</span> <span class='ocrx_word' id='word_1_8' title='bbox 702 717 775 794; x_wconf 83' lang='grc' dir='ltr'>ἴδμεν</span> <span class='ocrx_word' id='word_1_9' title='bbox 796 719 868 798; x_wconf 79' lang='grc' dir='ltr'>βέλος</span> <span class='ocrx_word' id='word_1_10' title='bbox 880 721 937 793; x_wconf 76' lang='grc' dir='ltr'>ὀξὺ,</span> 
     </span>
    </p>
   </div>
   <div class='ocr_carea' id='block_1_3' title="bbox 316 803 969 1012">
    <p class='ocr_par' dir='ltr' id='par_1_3' title="bbox 316 803 969 1012">
     <span class='ocr_line' id='line_1_4' title="bbox 316 803 969 888; baseline 0.005 -24"><span class='ocrx_word' id='word_1_11' title='bbox 316 807 374 864; x_wconf 82' lang='grc' dir='ltr'>ἀλλ’</span> <span class='ocrx_word' id='word_1_12' title='bbox 385 807 414 864; x_wconf 82' lang='grc' dir='ltr'><strong>οὗ</strong></span> <span class='ocrx_word' id='word_1_13' title='bbox 428 807 582 884; x_wconf 82' lang='grc' dir='ltr'>τιτρῶσκον,</span> <span class='ocrx_word' id='word_1_14' title='bbox 595 803 607 828; x_wconf 86' lang='lat'><strong>*</strong></span> <span class='ocrx_word' id='word_1_15' title='bbox 620 807 724 873; x_wconf 90' lang='grc' dir='ltr'>πάντως</span> <span class='ocrx_word' id='word_1_16' title='bbox 739 806 766 866; x_wconf 81' lang='grc' dir='ltr'><strong>δὲ</strong></span> <span class='ocrx_word' id='word_1_17' title='bbox 780 808 862 884; x_wconf 81' lang='grc' dir='ltr'>γλυκὺ</span> <span class='ocrx_word' id='word_1_18' title='bbox 873 815 969 888; x_wconf 66' lang='grc' dir='ltr'><strong>Ιχρῖμα.</strong></span> 
     </span>
     <span class='ocr_line' id='line_1_5' title="bbox 369 948 892 1012; baseline 0.01 -5"><span class='ocrx_word' id='word_1_19' title='bbox 369 955 380 979; x_wconf 85' lang='grc'>”</span> <span class='ocrx_word' id='word_1_20' title='bbox 434 957 499 1008; x_wconf 81' lang='grc'><strong>133.</strong></span> <span class='ocrx_word' id='word_1_21' title='bbox 523 948 737 1009; x_wconf 80' lang='grc' dir='ltr'>ΔΙΟΓΕΝΟΥΣ</span> <span class='ocrx_word' id='word_1_22' title='bbox 758 953 892 1012; x_wconf 84' lang='grc' dir='ltr'>ΛΑΠΡΤ.</span> 
     </span>
    </p>
   </div>
   <div class='ocr_carea' id='block_1_4' title="bbox 274 1084 1002 1434">
    <p class='ocr_par' dir='ltr' id='par_1_4' title="bbox 276 1084 1002 1252">
     <span class='ocr_line' id='line_1_6' title="bbox 276 1084 1002 1165; baseline 0.004 -19"><span class='ocrx_word' id='word_1_23' title='bbox 276 1087 419 1161; x_wconf 88' lang='grc' dir='ltr'>Πτίσσετε,</span> <span class='ocrx_word' id='word_1_24' title='bbox 434 1087 596 1165; x_wconf 81' lang='grc' dir='ltr'>Νικοκρέων,</span> <span class='ocrx_word' id='word_1_25' title='bbox 611 1084 649 1145; x_wconf 82' lang='grc' dir='ltr'><strong>ἔτι</strong></span> <span class='ocrx_word' id='word_1_26' title='bbox 663 1089 707 1146; x_wconf 87' lang='grc' dir='ltr'><strong>καὶ</strong></span> <span class='ocrx_word' id='word_1_27' title='bbox 722 1090 804 1165; x_wconf 83' lang='grc' dir='ltr'>μάλα,</span> <span class='ocrx_word' id='word_1_28' title='bbox 817 1089 925 1156; x_wconf 85' lang='grc' dir='ltr'>θύλακός</span> <span class='ocrx_word' id='word_1_29' title='bbox 938 1093 1002 1150; x_wconf 80' lang='grc' dir='ltr'>ἐστι·</span> 
     </span>
     <span class='ocr_line' id='line_1_7' title="bbox 313 1173 922 1252; baseline 0.003 -19"><span class='ocrx_word' id='word_1_30' title='bbox 313 1173 438 1247; x_wconf 79' lang='grc' dir='ltr'>πτίσσετ’,</span> <span class='ocrx_word' id='word_1_31' title='bbox 451 1173 607 1252; x_wconf 79' lang='grc' dir='ltr'>Ἀνάξαρχος</span> <span class='ocrx_word' id='word_1_32' title='bbox 621 1175 643 1230; x_wconf 90' lang='grc' dir='ltr'><strong>δ’</strong></span> <span class='ocrx_word' id='word_1_33' title='bbox 655 1176 681 1233; x_wconf 77' lang='grc' dir='ltr'>ἐν</span> <span class='ocrx_word' id='word_1_34' title='bbox 693 1176 754 1242; x_wconf 85' lang='grc' dir='ltr'>Διός</span> <span class='ocrx_word' id='word_1_35' title='bbox 763 1181 818 1235; x_wconf 83' lang='grc' dir='ltr'>ἐστι</span> <span class='ocrx_word' id='word_1_36' title='bbox 831 1176 922 1235; x_wconf 89' lang='grc' dir='ltr'>πάλαι·</span> 
     </span>
    </p>

    <p class='ocr_par' dir='ltr' id='par_1_5' title="bbox 274 1259 978 1434">
     <span class='ocr_line' id='line_1_8' title="bbox 274 1259 937 1340; baseline 0.003 -20"><span class='ocrx_word' id='word_1_37' title='bbox 274 1261 318 1320; x_wconf 86' lang='grc' dir='ltr'><strong>καί</strong></span> <span class='ocrx_word' id='word_1_38' title='bbox 333 1261 361 1321; x_wconf 76' lang='grc' dir='ltr'><strong>σὲ</strong></span> <span class='ocrx_word' id='word_1_39' title='bbox 375 1262 544 1323; x_wconf 81' lang='grc' dir='ltr'>διαστείλασα</span> <span class='ocrx_word' id='word_1_40' title='bbox 559 1259 665 1339; x_wconf 85' lang='grc' dir='ltr'>γνάροις</span> <span class='ocrx_word' id='word_1_41' title='bbox 677 1262 778 1340; x_wconf 81' lang='grc' dir='ltr'>ὀλίγον,</span> <span class='ocrx_word' id='word_1_42' title='bbox 792 1263 854 1322; x_wconf 85' lang='grc' dir='ltr'>τάδε</span> <span class='ocrx_word' id='word_1_43' title='bbox 869 1263 937 1332; x_wconf 80' lang='grc' dir='ltr'>λέξει</span> 
     </span>
     <span class='ocr_line' id='line_1_9' title="bbox 315 1349 978 1434; baseline 0.005 -26"><span class='ocrx_word' id='word_1_44' title='bbox 315 1349 421 1430; x_wconf 80' lang='grc' dir='ltr'>ῥήματα</span> <span class='ocrx_word' id='word_1_45' title='bbox 438 1351 605 1428; x_wconf 69' lang='grc' dir='ltr'>Περσεφόνη·</span> <span class='ocrx_word' id='word_1_46' title='bbox 625 1378 636 1400; x_wconf 77' lang='grc' dir='ltr'>ι</span> <span class='ocrx_word' id='word_1_47' title='bbox 651 1349 732 1434; x_wconf 62' lang='lat' dir='ltr'><strong>&#39;Epis</strong></span> <span class='ocrx_word' id='word_1_48' title='bbox 749 1353 868 1430; x_wconf 80' lang='grc' dir='ltr'>μυλωθρὲ</span> <span class='ocrx_word' id='word_1_49' title='bbox 880 1352 978 1413; x_wconf 69' lang='grc' dir='ltr'>κακά·</span> 
     </span>
    </p>
   </div>
   <div class='ocr_carea' id='block_1_5' title="bbox 554 1487 771 1538">
    <p class='ocr_par' dir='ltr' id='par_1_6' title="bbox 554 1487 771 1538">
     <span class='ocr_line' id='line_1_10' title="bbox 554 1487 771 1538; baseline 0 -2"><span class='ocrx_word' id='word_1_50' title='bbox 554 1487 613 1538; x_wconf 81' lang='grc'>134,</span> <span class='ocrx_word' id='word_1_51' title='bbox 634 1489 771 1536; x_wconf 80' lang='grc' dir='ltr'><strong>ΔΔΗΛΟΝ.</strong></span> 
     </span>
    </p>
   </div>
   <div class='ocr_carea' id='block_1_6' title="bbox 275 1599 961 1770">
    <p class='ocr_par' dir='ltr' id='par_1_7' title="bbox 275 1599 961 1770">
     <span class='ocr_line' id='line_1_11' title="bbox 275 1599 961 1686; baseline 0.003 -25"><span class='ocrx_word' id='word_1_52' title='bbox 275 1599 384 1661; x_wconf 85' lang='grc' dir='ltr'>’Πνθοίδτ</span> <span class='ocrx_word' id='word_1_53' title='bbox 396 1601 506 1681; x_wconf 84' lang='grc' dir='ltr'>Γοργίου</span> <span class='ocrx_word' id='word_1_54' title='bbox 521 1608 537 1676; x_wconf 80' lang='grc' dir='ltr'>ἡ</span> <span class='ocrx_word' id='word_1_55' title='bbox 551 1603 652 1686; x_wconf 74' lang='grc' dir='ltr'>κεφαλὴ</span> <span class='ocrx_word' id='word_1_56' title='bbox 663 1609 772 1663; x_wconf 78' lang='grc' dir='ltr'>κυνικοῦ</span> <span class='ocrx_word' id='word_1_57' title='bbox 786 1605 961 1684; x_wconf 81' lang='grc' dir='ltr'>κατάκειμαι,</span> 
     </span>
     <span class='ocr_line' id='line_1_12' title="bbox 313 1688 911 1770; baseline 0.013 -24"><span class='ocrx_word' id='word_1_58' title='bbox 313 1688 400 1748; x_wconf 81' lang='grc' dir='ltr'>οὐκέτι</span> <span class='ocrx_word' id='word_1_59' title='bbox 411 1689 614 1770; x_wconf 82' lang='grc' dir='ltr'>χριμπτομένη,</span> <span class='ocrx_word' id='word_1_60' title='bbox 627 1689 681 1750; x_wconf 85' lang='grc' dir='ltr'>οὔτ’</span> <span class='ocrx_word' id='word_1_61' title='bbox 693 1693 911 1770; x_wconf 83' lang='grc' dir='ltr'>ἀπομυσσομίνη.</span> 
     </span>
    </p>
   </div>
   <div class='ocr_carea' id='block_1_7' title="bbox 568 1828 746 1879">
    <p class='ocr_par' dir='ltr' id='par_1_8' title="bbox 568 1828 746 1879">
     <span class='ocr_line' id='line_1_13' title="bbox 568 1828 746 1879; baseline -0.011 -1"><span class='ocrx_word' id='word_1_62' title='bbox 568 1828 628 1879; x_wconf 82' lang='grc'>135.</span> <span class='ocrx_word' id='word_1_63' title='bbox 649 1830 746 1876; x_wconf 78' lang='grc' dir='ltr'><strong>ΑΔΛΟ.</strong></span> 
     </span>
    </p>
   </div>
   <div class='ocr_carea' id='block_1_8' title="bbox 271 1940 1012 2290">
    <p class='ocr_par' dir='ltr' id='par_1_9' title="bbox 272 1940 1012 2112">
     <span class='ocr_line' id='line_1_14' title="bbox 272 1940 1012 2025; baseline 0.005 -25"><span class='ocrx_word' id='word_1_64' title='bbox 272 1940 406 2009; x_wconf 85' lang='grc' dir='ltr'>Θεσσαλδς</span> <span class='ocrx_word' id='word_1_65' title='bbox 419 1940 609 2022; x_wconf 82' lang='grc' dir='ltr'>Ἱπποκράτης,</span> <span class='ocrx_word' id='word_1_66' title='bbox 625 1947 699 2025; x_wconf 80' lang='grc' dir='ltr'>Κῷος</span> <span class='ocrx_word' id='word_1_67' title='bbox 710 1944 796 2022; x_wconf 81' lang='grc' dir='ltr'>γένος,</span> <span class='ocrx_word' id='word_1_68' title='bbox 809 1944 898 2004; x_wconf 77' lang='grc' dir='ltr'>ἐνθάδε</span> <span class='ocrx_word' id='word_1_69' title='bbox 913 1945 1012 2018; x_wconf 82' lang='grc' dir='ltr'>κεῖται,</span> 
     </span>
     <span class='ocr_line' id='line_1_15' title="bbox 311 2028 824 2112; baseline 0.006 -22"><span class='ocrx_word' id='word_1_70' title='bbox 311 2028 413 2090; x_wconf 79' lang='grc' dir='ltr'>Φοίὸου</span> <span class='ocrx_word' id='word_1_71' title='bbox 426 2030 478 2090; x_wconf 79' lang='grc' dir='ltr'><strong>ἀπὸ</strong></span> <span class='ocrx_word' id='word_1_72' title='bbox 491 2031 561 2112; x_wconf 67' lang='grc' dir='ltr'>ῥίζης</span> <span class='ocrx_word' id='word_1_73' title='bbox 572 2033 700 2092; x_wconf 76' lang='grc' dir='ltr'>ἀθανάτου</span> <span class='ocrx_word' id='word_1_74' title='bbox 712 2031 824 2109; x_wconf 84' lang='grc' dir='ltr'>γεγαὼς,</span> 
     </span>
    </p>

    <p class='ocr_par' dir='ltr' id='par_1_10' title="bbox 271 2117 970 2290">
     <span class='ocr_line' id='line_1_16' title="bbox 271 2117 970 2198; baseline 0.007 -25"><span class='ocrx_word' id='word_1_75' title='bbox 271 2117 381 2177; x_wconf 85' lang='grc' dir='ltr'>πλεῖστα</span> <span class='ocrx_word' id='word_1_76' title='bbox 394 2118 509 2198; x_wconf 82' lang='grc' dir='ltr'>τρόπαια</span> <span class='ocrx_word' id='word_1_77' title='bbox 522 2118 604 2178; x_wconf 89' lang='grc' dir='ltr'>νόσων</span> <span class='ocrx_word' id='word_1_78' title='bbox 620 2120 719 2191; x_wconf 82' lang='grc' dir='ltr'>στήσας</span> <span class='ocrx_word' id='word_1_79' title='bbox 731 2120 822 2188; x_wconf 77' lang='grc' dir='ltr'>ὅπλοις</span> <span class='ocrx_word' id='word_1_80' title='bbox 835 2119 953 2198; x_wconf 85' lang='grc' dir='ltr'>Ὑγιείης</span> <span class='ocrx_word' id='word_1_81' title='bbox 961 2165 970 2194; x_wconf 92' lang='grc'>,</span> 
     </span>
     <span class='ocr_line' id='line_1_17' title="bbox 310 2203 912 2290; baseline 0.013 -28"><span class='ocrx_word' id='word_1_82' title='bbox 310 2204 385 2274; x_wconf 72' lang='grc' dir='ltr'>δοἙαν</span> <span class='ocrx_word' id='word_1_83' title='bbox 399 2203 465 2266; x_wconf 76' lang='grc' dir='ltr'>ἑλὼν</span> <span class='ocrx_word' id='word_1_84' title='bbox 480 2208 584 2266; x_wconf 84' lang='grc' dir='ltr'>πολλῶν</span> <span class='ocrx_word' id='word_1_85' title='bbox 596 2209 626 2267; x_wconf 85' lang='grc' dir='ltr'><strong>οὐ</strong></span> <span class='ocrx_word' id='word_1_86' title='bbox 640 2206 726 2288; x_wconf 76' lang='grc' dir='ltr'>τόχορ,</span> <span class='ocrx_word' id='word_1_87' title='bbox 739 2209 807 2268; x_wconf 73' lang='lat' dir='ltr'><strong>illi</strong></span> <span class='ocrx_word' id='word_1_88' title='bbox 822 2208 912 2290; x_wconf 73' lang='grc' dir='ltr'>τέχνα.</span> 
     </span>
    </p>
   </div>
   <div class='ocr_carea' id='block_1_9' title="bbox 270 2343 1051 2967">
    <p class='ocr_par' dir='ltr' id='par_1_11' title="bbox 270 2343 1051 2967">
     <span class='ocr_line' id='line_1_18' title="bbox 491 2343 834 2404; baseline 0.003 -3"><span class='ocrx_word' id='word_1_89' title='bbox 491 2351 557 2404; x_wconf 76' lang='grc'><strong>136.</strong></span> <span class='ocrx_word' id='word_1_90' title='bbox 581 2343 834 2403; x_wconf 81' lang='grc' dir='ltr'>ΑΝΤΙΠΑΤΡΟΥ.</span> 
     </span>
     <span class='ocr_line' id='line_1_19' title="bbox 270 2465 894 2552; baseline 0.01 -26"><span class='ocrx_word' id='word_1_91' title='bbox 270 2465 377 2548; x_wconf 87' lang='grc' dir='ltr'>Ἥρωος</span> <span class='ocrx_word' id='word_1_92' title='bbox 389 2471 511 2548; x_wconf 86' lang='grc' dir='ltr'>Πριάμου</span> <span class='ocrx_word' id='word_1_93' title='bbox 525 2471 598 2551; x_wconf 79' lang='grc' dir='ltr'>βαιὸς</span> <span class='ocrx_word' id='word_1_94' title='bbox 609 2471 698 2552; x_wconf 72' lang='grc' dir='ltr'>πάτρος·</span> <span class='ocrx_word' id='word_1_95' title='bbox 711 2477 759 2552; x_wconf 75' lang='grc' dir='ltr'><strong>οὐχ</strong></span> <span class='ocrx_word' id='word_1_96' title='bbox 772 2473 811 2532; x_wconf 78' lang='grc' dir='ltr'><strong>ὅτι</strong></span> <span class='ocrx_word' id='word_1_97' title='bbox 825 2474 894 2532; x_wconf 90' lang='grc' dir='ltr'>τοίου</span> 
     </span>
     <span class='ocr_line' id='line_1_20' title="bbox 312 2554 868 2640; baseline 0.007 -26"><span class='ocrx_word' id='word_1_98' title='bbox 312 2554 392 2633; x_wconf 77' lang='grc' dir='ltr'>ἄξιος,</span> <span class='ocrx_word' id='word_1_99' title='bbox 405 2559 462 2616; x_wconf 87' lang='grc' dir='ltr'>άλλ’</span> <span class='ocrx_word' id='word_1_100' title='bbox 476 2561 575 2640; x_wconf 79' lang='grc' dir='ltr'>ἐχθρῶν</span> <span class='ocrx_word' id='word_1_101' title='bbox 589 2561 679 2640; x_wconf 79' lang='grc' dir='ltr'>χερσὶν</span> <span class='ocrx_word' id='word_1_102' title='bbox 693 2561 868 2638; x_wconf 80' lang='grc' dir='ltr'>ἐχωννύμτθα.</span> 
     </span>
     <span class='ocr_line' id='line_1_21' title="bbox 512 2691 865 2759; baseline 0 -19"><span class='ocrx_word' id='word_1_103' title='bbox 512 2691 573 2740; x_wconf 83' lang='lat' dir='ltr'><strong>rar.</strong></span> <span class='ocrx_word' id='word_1_104' title='bbox 598 2691 795 2759; x_wconf 70' lang='lat' dir='ltr'><strong>isernoros.</strong></span> <span class='ocrx_word' id='word_1_105' title='bbox 860 2725 865 2740; x_wconf 89' lang='lat'><em>.</em></span> 
     </span>
     <span class='ocr_line' id='line_1_22' title="bbox 273 2799 1051 2883; baseline 0.005 -25"><span class='ocrx_word' id='word_1_106' title='bbox 273 2799 319 2870; x_wconf 77' lang='grc' dir='ltr'><strong>Μή</strong></span> <span class='ocrx_word' id='word_1_107' title='bbox 334 2822 367 2876; x_wconf 87' lang='grc' dir='ltr'><strong>με</strong></span> <span class='ocrx_word' id='word_1_108' title='bbox 380 2801 456 2880; x_wconf 78' lang='grc' dir='ltr'>τάφῳ</span> <span class='ocrx_word' id='word_1_109' title='bbox 470 2801 591 2880; x_wconf 87' lang='grc' dir='ltr'>σθγκρινε</span> <span class='ocrx_word' id='word_1_110' title='bbox 608 2801 650 2860; x_wconf 84' lang='grc' dir='ltr'>τὸν</span> <span class='ocrx_word' id='word_1_111' title='bbox 665 2802 799 2882; x_wconf 81' lang='grc' dir='ltr'>Ἕκτορα,</span> <span class='ocrx_word' id='word_1_112' title='bbox 819 2805 880 2880; x_wconf 81' lang='grc' dir='ltr'>μηδ’</span> <span class='ocrx_word' id='word_1_113' title='bbox 903 2805 945 2862; x_wconf 81' lang='grc' dir='ltr'><strong>ἐπὶ</strong></span> <span class='ocrx_word' id='word_1_114' title='bbox 957 2805 1051 2883; x_wconf 70' lang='grc' dir='ltr'>ςθμὸῳ</span> 
     </span>
     <span class='ocr_line' id='line_1_23' title="bbox 312 2887 857 2967; baseline 0.004 -19"><span class='ocrx_word' id='word_1_115' title='bbox 312 2894 401 2967; x_wconf 80' lang='grc' dir='ltr'>μίτρει</span> <span class='ocrx_word' id='word_1_116' title='bbox 415 2888 457 2946; x_wconf 86' lang='grc' dir='ltr'>τὸν</span> <span class='ocrx_word' id='word_1_117' title='bbox 470 2889 557 2958; x_wconf 82' lang='grc' dir='ltr'>πάσης</span> <span class='ocrx_word' id='word_1_118' title='bbox 569 2887 695 2955; x_wconf 82' lang='grc' dir='ltr'>Ἑλλάδος</span> <span class='ocrx_word' id='word_1_119' title='bbox 708 2891 857 2950; x_wconf 80' lang='grc' dir='ltr'>ἀντίπαλον.</span> 
     </span>
    </p>
   </div>
   <div class='ocr_carea' id='block_1_10' title="bbox 273 2973 1011 3143">
    <p class='ocr_par' dir='ltr' id='par_1_12' title="bbox 273 2973 1011 3143">
     <span class='ocr_line' id='line_1_24' title="bbox 273 2973 1011 3058; baseline 0.003 -24"><span class='ocrx_word' id='word_1_120' title='bbox 273 2975 366 3046; x_wconf 79' lang='grc' dir='ltr'>Ἰλιλις,</span> <span class='ocrx_word' id='word_1_121' title='bbox 380 2975 455 3042; x_wconf 82' lang='grc' dir='ltr'>αὐτὸς</span> <span class='ocrx_word' id='word_1_122' title='bbox 465 2973 586 3055; x_wconf 79' lang='grc' dir='ltr'>Ὅμηρος</span> <span class='ocrx_word' id='word_1_123' title='bbox 600 2977 659 3054; x_wconf 75' lang='grc' dir='ltr'>ἐμοὶ</span> <span class='ocrx_word' id='word_1_124' title='bbox 676 2977 772 3056; x_wconf 83' lang='grc' dir='ltr'>πάρος,</span> <span class='ocrx_word' id='word_1_125' title='bbox 789 2976 900 3048; x_wconf 79' lang='grc' dir='ltr'>Ἑλλάς,</span> <span class='ocrx_word' id='word_1_126' title='bbox 911 2979 1011 3058; x_wconf 72' lang='grc' dir='ltr'>Ἀχαιοί</span> 
     </span>
     <span class='ocr_line' id='line_1_25' title="bbox 312 3061 894 3143; baseline 0.009 -23"><span class='ocrx_word' id='word_1_127' title='bbox 312 3062 447 3141; x_wconf 81' lang='grc' dir='ltr'>φεύγοντες</span> <span class='ocrx_word' id='word_1_128' title='bbox 463 3097 500 3108; x_wconf 96' lang='grc'><strong>-</strong></span> <span class='ocrx_word' id='word_1_129' title='bbox 515 3061 615 3130; x_wconf 82' lang='grc' dir='ltr'>τούτοις</span> <span class='ocrx_word' id='word_1_130' title='bbox 627 3073 706 3122; x_wconf 84' lang='grc' dir='ltr'>πᾶσιν</span> <span class='ocrx_word' id='word_1_131' title='bbox 718 3066 894 3143; x_wconf 70' lang='grc' dir='ltr'>ἔχωννθμεθα·</span> 
     </span>
    </p>
   </div>
   <div class='ocr_carea' id='block_1_11' title="bbox 156 3139 991 3244">
    <p class='ocr_par' dir='ltr' id='par_1_13' title="bbox 156 3139 991 3244">
     <span class='ocr_line' id='line_1_26' title="bbox 156 3139 991 3244; baseline 0.007 -37"><span class='ocrx_word' id='word_1_132' title='bbox 156 3228 164 3244; x_wconf 48' lang='grc' dir='ltr'>Ι</span> <span class='ocrx_word' id='word_1_133' title='bbox 213 3215 215 3218; x_wconf 49' lang='grc'>,</span> <span class='ocrx_word' id='word_1_134' title='bbox 272 3152 295 3208; x_wconf 82' lang='grc' dir='ltr'>εί</span> <span class='ocrx_word' id='word_1_135' title='bbox 309 3153 331 3209; x_wconf 91' lang='grc' dir='ltr'><strong>δ’</strong></span> <span class='ocrx_word' id='word_1_136' title='bbox 343 3151 433 3228; x_wconf 80' lang='grc' dir='ltr'>ὀλίγην</span> <span class='ocrx_word' id='word_1_137' title='bbox 442 3153 527 3230; x_wconf 86' lang='grc' dir='ltr'>άθρεῖς</span> <span class='ocrx_word' id='word_1_138' title='bbox 541 3154 582 3209; x_wconf 81' lang='grc' dir='ltr'><strong>ἐπ’</strong></span> <span class='ocrx_word' id='word_1_139' title='bbox 595 3153 653 3228; x_wconf 74' lang='grc' dir='ltr'>ἐμοὶ</span> <span class='ocrx_word' id='word_1_140' title='bbox 667 3152 754 3225; x_wconf 89' lang='grc' dir='ltr'>κόνιν,</span> <span class='ocrx_word' id='word_1_141' title='bbox 764 3156 810 3211; x_wconf 82' lang='grc' dir='ltr'>οὐκ</span> <span class='ocrx_word' id='word_1_142' title='bbox 822 3155 880 3230; x_wconf 77' lang='grc' dir='ltr'>ἐμοὶ</span> <span class='ocrx_word' id='word_1_143' title='bbox 892 3139 991 3234; x_wconf 70' lang='grc' dir='ltr'>αἶσχος·</span> 
     </span>
    </p>
   </div>
   <div class='ocr_carea' id='block_1_12' title="bbox 311 3236 966 3438">
    <p class='ocr_par' dir='ltr' id='par_1_14' title="bbox 311 3236 966 3438">
     <span class='ocr_line' id='line_1_27' title="bbox 311 3236 851 3320; baseline 0.006 -22"><span class='ocrx_word' id='word_1_144' title='bbox 311 3236 445 3310; x_wconf 79' lang='grc' dir='ltr'>Ἑλλήνων</span> <span class='ocrx_word' id='word_1_145' title='bbox 458 3243 562 3318; x_wconf 80' lang='grc' dir='ltr'>ἐχθραῖς</span> <span class='ocrx_word' id='word_1_146' title='bbox 573 3239 661 3320; x_wconf 81' lang='grc' dir='ltr'>χερσίν</span> <span class='ocrx_word' id='word_1_147' title='bbox 677 3239 851 3320; x_wconf 79' lang='grc' dir='ltr'>ε’χωννιίμεθα.</span> 
     </span>
     <span class='ocr_line' id='line_1_28' title="bbox 355 3375 966 3438; baseline 0.01 -6"><span class='ocrx_word' id='word_1_148' title='bbox 355 3383 418 3432; x_wconf 85' lang='grc'><strong>138.</strong></span> <span class='ocrx_word' id='word_1_149' title='bbox 440 3375 652 3436; x_wconf 82' lang='grc' dir='ltr'>ΑΚΗΡΑΤΟΥ</span> <span class='ocrx_word' id='word_1_150' title='bbox 674 3379 966 3438; x_wconf 80' lang='grc' dir='ltr'>ΓΡΑΜΜΑΤΙΚΟΥ,</span> 
     </span>
    </p>
   </div>
   <div class='ocr_carea' id='block_1_13' title="bbox 270 3504 949 3852">
    <p class='ocr_par' dir='ltr' id='par_1_15' title="bbox 270 3504 949 3852">
     <span class='ocr_line' id='line_1_29' title="bbox 270 3504 901 3588; baseline -0.003 -21"><span class='ocrx_word' id='word_1_151' title='bbox 270 3504 369 3586; x_wconf 81' lang='grc' dir='ltr'>Ἕκτορ</span> <span class='ocrx_word' id='word_1_152' title='bbox 383 3506 556 3588; x_wconf 83' lang='grc' dir='ltr'>Ὁμηρείῃσιν</span> <span class='ocrx_word' id='word_1_153' title='bbox 571 3509 611 3567; x_wconf 78' lang='lat' dir='ltr'><strong>eici</strong></span> <span class='ocrx_word' id='word_1_154' title='bbox 627 3508 769 3588; x_wconf 77' lang='grc' dir='ltr'>βεὸοημένε</span> <span class='ocrx_word' id='word_1_155' title='bbox 785 3508 901 3584; x_wconf 72' lang='grc' dir='ltr'>βίὸλοις,</span> 
     </span>
     <span class='ocr_line' id='line_1_30' title="bbox 311 3595 829 3678; baseline 0 -24"><span class='ocrx_word' id='word_1_156' title='bbox 311 3595 443 3672; x_wconf 88' lang='grc' dir='ltr'>θειοδόμου</span> <span class='ocrx_word' id='word_1_157' title='bbox 453 3597 553 3676; x_wconf 79' lang='grc' dir='ltr'>τείχευς</span> <span class='ocrx_word' id='word_1_158' title='bbox 567 3595 640 3677; x_wconf 76' lang='grc' dir='ltr'>ἕρκος</span> <span class='ocrx_word' id='word_1_159' title='bbox 651 3595 829 3678; x_wconf 80' lang='grc' dir='ltr'>ἐρυμνότερον,</span> 
     </span>
     <span class='ocr_line' id='line_1_31' title="bbox 271 3683 949 3756; baseline -0.001 -15"><span class='ocrx_word' id='word_1_160' title='bbox 271 3686 297 3741; x_wconf 81' lang='grc' dir='ltr'>ἐν</span> <span class='ocrx_word' id='word_1_161' title='bbox 311 3684 351 3743; x_wconf 83' lang='grc' dir='ltr'>σοί</span> <span class='ocrx_word' id='word_1_162' title='bbox 366 3683 509 3756; x_wconf 83' lang='grc' dir='ltr'>Παιονίδης</span> <span class='ocrx_word' id='word_1_163' title='bbox 524 3683 697 3745; x_wconf 82' lang='grc' dir='ltr'>ἀνεπαύσατο·</span> <span class='ocrx_word' id='word_1_164' title='bbox 714 3690 759 3743; x_wconf 82' lang='grc' dir='ltr'><strong>σοῦ</strong></span> <span class='ocrx_word' id='word_1_165' title='bbox 774 3683 801 3743; x_wconf 81' lang='grc' dir='ltr'>δί</span> <span class='ocrx_word' id='word_1_166' title='bbox 816 3683 949 3756; x_wconf 83' lang='grc' dir='ltr'>θανόντος,</span> 
     </span>
     <span class='ocr_line' id='line_1_32' title="bbox 289 3768 812 3852; baseline -0.002 -19"><span class='ocrx_word' id='word_1_167' title='bbox 289 3837 293 3846; x_wconf 63' lang='lat'>‚</span> <span class='ocrx_word' id='word_1_168' title='bbox 309 3768 422 3852; x_wconf 83' lang='grc' dir='ltr'>Ἕκτορ,</span> <span class='ocrx_word' id='word_1_169' title='bbox 435 3774 541 3851; x_wconf 73' lang='grc' dir='ltr'>ἐσιγήθη</span> <span class='ocrx_word' id='word_1_170' title='bbox 554 3772 599 3832; x_wconf 82' lang='grc' dir='ltr'><strong>καί</strong></span> <span class='ocrx_word' id='word_1_171' title='bbox 614 3773 682 3840; x_wconf 84' lang='grc' dir='ltr'>σελίς</span> <span class='ocrx_word' id='word_1_172' title='bbox 692 3773 812 3840; x_wconf 86' lang='grc' dir='ltr'>Ἰλιάδος.</span> 
     </span>
    </p>
   </div>
   <div class='ocr_carea' id='block_1_14' title="bbox 502 3967 815 4022">
    <p class='ocr_par' dir='ltr' id='par_1_16' title="bbox 502 3967 815 4022">
     <span class='ocr_line' id='line_1_33' title="bbox 502 3967 815 4022; baseline 0.003 -9"><span class='ocrx_word' id='word_1_173' title='bbox 502 3967 557 4014; x_wconf 82' lang='lat'>133.</span> <span class='ocrx_word' id='word_1_174' title='bbox 572 3982 689 4014; x_wconf 83' lang='lat' dir='ltr'><strong>bicornis</strong></span> <span class='ocrx_word' id='word_1_175' title='bbox 701 3983 815 4022; x_wconf 77' lang='lat' dir='ltr'><strong>maurit,</strong></span> 
     </span>
    </p>
   </div>
   <div class='ocr_carea' id='block_1_15' title="bbox 560 4075 759 4126">
    <p class='ocr_par' dir='ltr' id='par_1_17' title="bbox 560 4075 759 4126">
     <span class='ocr_line' id='line_1_34' title="bbox 560 4075 759 4126; baseline 0.01 -2"><span class='ocrx_word' id='word_1_176' title='bbox 560 4075 590 4124; x_wconf 81' lang='lat' dir='ltr'><strong>de</strong></span> <span class='ocrx_word' id='word_1_177' title='bbox 602 4075 759 4126; x_wconf 69' lang='lat' dir='ltr'><strong>Anaearclra.</strong></span> 
     </span>
    </p>
   </div>
   <div class='ocr_carea' id='block_1_16' title="bbox 269 4172 966 4480">
    <p class='ocr_par' dir='ltr' id='par_1_18' title="bbox 269 4172 966 4320">
     <span class='ocr_line' id='line_1_35' title="bbox 269 4172 966 4240; baseline 0.007 -22"><span class='ocrx_word' id='word_1_178' title='bbox 269 4172 371 4238; x_wconf 59' lang='lat' dir='ltr'><strong>Tirrrdile</strong></span> <span class='ocrx_word' id='word_1_179' title='bbox 382 4175 532 4237; x_wconf 79' lang='lat' dir='ltr'><strong>quantumvis</strong></span> <span class='ocrx_word' id='word_1_180' title='bbox 546 4190 552 4222; x_wconf 96' lang='lat'><strong>:</strong></span> <span class='ocrx_word' id='word_1_181' title='bbox 568 4183 622 4223; x_wconf 87' lang='lat' dir='ltr'><strong>uter</strong></span> <span class='ocrx_word' id='word_1_182' title='bbox 632 4185 681 4236; x_wconf 90' lang='lat' dir='ltr'><strong>est;</strong></span> <span class='ocrx_word' id='word_1_183' title='bbox 693 4175 743 4239; x_wconf 81' lang='lat' dir='ltr'><strong>Jam</strong></span> <span class='ocrx_word' id='word_1_184' title='bbox 754 4175 861 4235; x_wconf 86' lang='lat' dir='ltr'><strong>lundile;</strong></span> <span class='ocrx_word' id='word_1_185' title='bbox 874 4174 966 4240; x_wconf 81' lang='lat' dir='ltr'><strong>pridem</strong></span> 
     </span>
     <span class='ocr_line' id='line_1_36' title="bbox 304 4251 852 4320; baseline 0.011 -22"><span class='ocrx_word' id='word_1_186' title='bbox 304 4251 409 4300; x_wconf 81' lang='lat' dir='ltr'><strong>Maxima</strong></span> <span class='ocrx_word' id='word_1_187' title='bbox 421 4251 589 4303; x_wconf 77' lang='lat' dir='ltr'>Anaxarchum</span> <span class='ocrx_word' id='word_1_188' title='bbox 601 4254 704 4320; x_wconf 86' lang='lat' dir='ltr'><strong>possidet</strong></span> <span class='ocrx_word' id='word_1_189' title='bbox 715 4255 769 4303; x_wconf 86' lang='lat' dir='ltr'><strong>nula</strong></span> <span class='ocrx_word' id='word_1_190' title='bbox 777 4253 852 4304; x_wconf 80' lang='lat' dir='ltr'><strong>loris.</strong></span> 
     </span>
    </p>

    <p class='ocr_par' dir='ltr' id='par_1_19' title="bbox 269 4331 894 4480">
     <span class='ocr_line' id='line_1_37' title="bbox 269 4331 894 4398; baseline 0.01 -19"><span class='ocrx_word' id='word_1_191' title='bbox 269 4331 358 4381; x_wconf 77' lang='lat' dir='ltr'>Nubila</span> <span class='ocrx_word' id='word_1_192' title='bbox 368 4334 407 4381; x_wconf 87' lang='lat' dir='ltr'><strong>sed</strong></span> <span class='ocrx_word' id='word_1_193' title='bbox 420 4333 516 4398; x_wconf 86' lang='lat' dir='ltr'><strong>paulum</strong></span> <span class='ocrx_word' id='word_1_194' title='bbox 528 4335 663 4385; x_wconf 78' lang='lat' dir='ltr'>discusserit</span> <span class='ocrx_word' id='word_1_195' title='bbox 673 4335 724 4385; x_wconf 77' lang='lat' dir='ltr'><strong>hec</strong></span> <span class='ocrx_word' id='word_1_196' title='bbox 732 4336 818 4394; x_wconf 85' lang='lat' dir='ltr'><strong>modo,</strong></span> <span class='ocrx_word' id='word_1_197' title='bbox 831 4335 894 4386; x_wconf 85' lang='lat' dir='ltr'><strong>dicet</strong></span> 
     </span>
     <span class='ocr_line' id='line_1_38' title="bbox 303 4413 863 4480; baseline 0.009 -18"><span class='ocrx_word' id='word_1_198' title='bbox 303 4413 458 4480; x_wconf 76' lang='lat' dir='ltr'><strong>Persephone</strong></span> <span class='ocrx_word' id='word_1_199' title='bbox 471 4431 477 4465; x_wconf 91' lang='lat'>:</span> <span class='ocrx_word' id='word_1_200' title='bbox 489 4420 587 4477; x_wconf 84' lang='lat' dir='ltr'><strong>Pereas,</strong></span> <span class='ocrx_word' id='word_1_201' title='bbox 600 4433 625 4466; x_wconf 88' lang='lat' dir='ltr'><strong>es</strong></span> <span class='ocrx_word' id='word_1_202' title='bbox 637 4417 699 4466; x_wconf 84' lang='lat' dir='ltr'><strong>mala</strong></span> <span class='ocrx_word' id='word_1_203' title='bbox 712 4426 738 4466; x_wconf 85' lang='grc' dir='ltr'><strong>ιιι</strong></span> <span class='ocrx_word' id='word_1_204' title='bbox 748 4417 863 4468; x_wconf 86' lang='lat' dir='ltr'><strong>molitrix.</strong></span> 
     </span>
    </p>
   </div>
   <div class='ocr_carea' id='block_1_17' title="bbox 568 4517 757 4572">
    <p class='ocr_par' dir='ltr' id='par_1_20' title="bbox 568 4517 757 4572">
     <span class='ocr_line' id='line_1_39' title="bbox 568 4517 757 4572; baseline 0.011 -8"><span class='ocrx_word' id='word_1_205' title='bbox 568 4517 624 4572; x_wconf 70' lang='lat'><strong>134.</strong></span> <span class='ocrx_word' id='word_1_206' title='bbox 645 4533 757 4566; x_wconf 80' lang='grc' dir='ltr'>ειισεετι.</span> 
     </span>
    </p>
   </div>
   <div class='ocr_carea' id='block_1_18' title="bbox 270 4612 836 4762">
    <p class='ocr_par' dir='ltr' id='par_1_21' title="bbox 270 4612 836 4762">
     <span class='ocr_line' id='line_1_40' title="bbox 270 4612 836 4679; baseline 0.009 -20"><span class='ocrx_word' id='word_1_207' title='bbox 270 4612 362 4676; x_wconf 76' lang='lat' dir='ltr'><strong>Gorgiae</strong></span> <span class='ocrx_word' id='word_1_208' title='bbox 373 4613 455 4678; x_wconf 79' lang='lat' dir='ltr'><strong>Cynici</strong></span> <span class='ocrx_word' id='word_1_209' title='bbox 467 4623 538 4679; x_wconf 87' lang='lat' dir='ltr'><strong>caput</strong></span> <span class='ocrx_word' id='word_1_210' title='bbox 549 4613 595 4663; x_wconf 86' lang='lat' dir='ltr'><strong>hac</strong></span> <span class='ocrx_word' id='word_1_211' title='bbox 609 4614 696 4664; x_wconf 76' lang='lat' dir='ltr'><strong>tellure</strong></span> <span class='ocrx_word' id='word_1_212' title='bbox 710 4616 836 4676; x_wconf 86' lang='lat' dir='ltr'><strong>reeondor,</strong></span> 
     </span>
     <span class='ocr_line' id='line_1_41' title="bbox 304 4693 747 4762; baseline 0.009 -20"><span class='ocrx_word' id='word_1_213' title='bbox 304 4693 351 4757; x_wconf 87' lang='lat' dir='ltr'><strong>Qui</strong></span> <span class='ocrx_word' id='word_1_214' title='bbox 363 4709 427 4744; x_wconf 87' lang='lat' dir='ltr'><strong>nuuc</strong></span> <span class='ocrx_word' id='word_1_215' title='bbox 436 4695 530 4760; x_wconf 76' lang='lat' dir='ltr'><strong>emungi</strong></span> <span class='ocrx_word' id='word_1_216' title='bbox 539 4696 610 4746; x_wconf 84' lang='lat' dir='ltr'><strong>desiit</strong></span> <span class='ocrx_word' id='word_1_217' title='bbox 619 4706 643 4746; x_wconf 86' lang='lat' dir='ltr'><strong>el</strong></span> <span class='ocrx_word' id='word_1_218' title='bbox 654 4713 747 4762; x_wconf 86' lang='lat' dir='ltr'><strong>spuere.</strong></span> 
     </span>
    </p>
   </div>
   <div class='ocr_carea' id='block_1_19' title="bbox 559 4797 758 4965">
    <p class='ocr_par' dir='ltr' id='par_1_22' title="bbox 559 4797 758 4965">
     <span class='ocr_line' id='line_1_42' title="bbox 567 4797 752 4859; baseline 0.011 -15"><span class='ocrx_word' id='word_1_219' title='bbox 567 4797 622 4846; x_wconf 80' lang='lat'>135.</span> <span class='ocrx_word' id='word_1_220' title='bbox 640 4813 752 4859; x_wconf 82' lang='lat' dir='ltr'><strong>rncaarr,</strong></span> 
     </span>
     <span class='ocr_line' id='line_1_43' title="bbox 559 4892 758 4965; baseline 0.015 -23"><span class='ocrx_word' id='word_1_221' title='bbox 559 4892 589 4942; x_wconf 83' lang='lat' dir='ltr'><strong>de</strong></span> <span class='ocrx_word' id='word_1_222' title='bbox 602 4895 758 4965; x_wconf 73' lang='lat' dir='ltr'><em>Hippocrate.</em></span> 
     </span>
    </p>
   </div>
   <div class='ocr_carea' id='block_1_20' title="bbox 268 4993 948 5298">
    <p class='ocr_par' dir='ltr' id='par_1_23' title="bbox 268 4993 948 5142">
     <span class='ocr_line' id='line_1_44' title="bbox 268 4993 948 5063; baseline 0.013 -22"><span class='ocrx_word' id='word_1_223' title='bbox 268 4993 392 5042; x_wconf 76' lang='lat' dir='ltr'><strong>‘l&#39;lrcssalus</strong></span> <span class='ocrx_word' id='word_1_224' title='bbox 401 4995 559 5061; x_wconf 69' lang='lat' dir='ltr'><strong>Hippocrates</strong></span> <span class='ocrx_word' id='word_1_225' title='bbox 567 4995 629 5060; x_wconf 84' lang='lat' dir='ltr'><strong>jacet</strong></span> <span class='ocrx_word' id='word_1_226' title='bbox 640 4995 694 5055; x_wconf 87' lang='lat' dir='ltr'><strong>bic,</strong></span> <span class='ocrx_word' id='word_1_227' title='bbox 704 4995 742 5046; x_wconf 87' lang='lat' dir='ltr'><strong>cui</strong></span> <span class='ocrx_word' id='word_1_228' title='bbox 754 4998 831 5063; x_wconf 88' lang='lat' dir='ltr'><strong>putria</strong></span> <span class='ocrx_word' id='word_1_229' title='bbox 843 5001 887 5050; x_wconf 89' lang='lat' dir='ltr'><strong>Cos</strong></span> <span class='ocrx_word' id='word_1_230' title='bbox 899 5001 948 5061; x_wconf 86' lang='lat' dir='ltr'><strong>est,</strong></span> 
     </span>
     <span class='ocr_line' id='line_1_45' title="bbox 301 5073 860 5142; baseline 0.011 -19"><span class='ocrx_word' id='word_1_231' title='bbox 301 5073 349 5138; x_wconf 89' lang='lat' dir='ltr'><strong>Qui</strong></span> <span class='ocrx_word' id='word_1_232' title='bbox 360 5091 432 5140; x_wconf 80' lang='lat' dir='ltr'><strong>genua</strong></span> <span class='ocrx_word' id='word_1_233' title='bbox 443 5093 457 5126; x_wconf 90' lang='grc' dir='ltr'>α</span> <span class='ocrx_word' id='word_1_234' title='bbox 470 5075 560 5126; x_wconf 81' lang='lat' dir='ltr'><strong>rhoebo</strong></span> <span class='ocrx_word' id='word_1_235' title='bbox 572 5087 650 5127; x_wconf 85' lang='lat' dir='ltr'><strong>morte</strong></span> <span class='ocrx_word' id='word_1_236' title='bbox 662 5087 759 5128; x_wconf 75' lang='lat' dir='ltr'><strong>carente</strong></span> <span class='ocrx_word' id='word_1_237' title='bbox 768 5076 860 5142; x_wconf 74' lang='lat' dir='ltr'><strong>iralril3</strong></span> 
     </span>
    </p>

    <p class='ocr_par' dir='ltr' id='par_1_24' title="bbox 271 5155 850 5298">
     <span class='ocr_line' id='line_1_46' title="bbox 271 5155 850 5227; baseline 0.016 -24"><span class='ocrx_word' id='word_1_238' title='bbox 271 5160 307 5204; x_wconf 90' lang='lat' dir='ltr'><strong>De</strong></span> <span class='ocrx_word' id='word_1_239' title='bbox 318 5155 407 5206; x_wconf 79' lang='lat' dir='ltr'>morbis</span> <span class='ocrx_word' id='word_1_240' title='bbox 419 5159 502 5208; x_wconf 90' lang='lat' dir='ltr'><strong>retulit</strong></span> <span class='ocrx_word' id='word_1_241' title='bbox 514 5160 555 5225; x_wconf 93' lang='lat' dir='ltr'><strong>qui</strong></span> <span class='ocrx_word' id='word_1_242' title='bbox 569 5161 645 5210; x_wconf 86' lang='lat' dir='ltr'><strong>nrulta</strong></span> <span class='ocrx_word' id='word_1_243' title='bbox 656 5167 744 5227; x_wconf 77' lang='lat' dir='ltr'><strong>tropea</strong></span> <span class='ocrx_word' id='word_1_244' title='bbox 756 5161 830 5212; x_wconf 79' lang='lat' dir='ltr'><strong>Salsrti</strong></span> <span class='ocrx_word' id='word_1_245' title='bbox 845 5180 850 5212; x_wconf 89' lang='lat'>:</span> 
     </span>
     <span class='ocr_line' id='line_1_47' title="bbox 303 5239 783 5298; baseline 0.013 -9"><span class='ocrx_word' id='word_1_246' title='bbox 303 5239 344 5289; x_wconf 88' lang='lat' dir='ltr'><strong>Cui</strong></span> <span class='ocrx_word' id='word_1_247' title='bbox 358 5241 512 5292; x_wconf 81' lang='lat' dir='ltr'><strong>nonientana</strong></span> <span class='ocrx_word' id='word_1_248' title='bbox 525 5243 585 5294; x_wconf 88' lang='lat' dir='ltr'><strong>lama</strong></span> <span class='ocrx_word' id='word_1_249' title='bbox 597 5246 636 5294; x_wconf 88' lang='lat' dir='ltr'><strong>sed</strong></span> <span class='ocrx_word' id='word_1_250' title='bbox 649 5254 700 5294; x_wconf 83' lang='lat' dir='ltr'><strong>arte</strong></span> <span class='ocrx_word' id='word_1_251' title='bbox 711 5247 783 5298; x_wconf 72' lang='lat' dir='ltr'><strong>senil.</strong></span> 
     </span>
    </p>
   </div>
   <div class='ocr_carea' id='block_1_21' title="bbox 836 465 1312 535">
    <p class='ocr_par' dir='ltr' id='par_1_25' title="bbox 836 465 1312 535">
     <span class='ocr_line' id='line_1_48' title="bbox 836 465 1312 535; baseline 0.023 -11"><span class='ocrx_word' id='word_1_252' title='bbox 836 465 1091 531; x_wconf 80' lang='lat' dir='ltr'><strong>ANTHOLOGlAE</strong></span> <span class='ocrx_word' id='word_1_253' title='bbox 1112 472 1312 535; x_wconf 83' lang='lat' dir='ltr'><strong>PALATINAE</strong></span> 
     </span>
    </p>
   </div>
   <div class='ocr_carea' id='block_1_22' title="bbox 1395 620 1578 672">
    <p class='ocr_par' dir='ltr' id='par_1_26' title="bbox 1395 620 1578 672">
     <span class='ocr_line' id='line_1_49' title="bbox 1395 620 1578 672; baseline 0.044 -8"><span class='ocrx_word' id='word_1_254' title='bbox 1395 620 1445 666; x_wconf 77' lang='lat'><strong>1³2.</strong></span> <span class='ocrx_word' id='word_1_255' title='bbox 1471 628 1578 672; x_wconf 73' lang='lat' dir='ltr'><strong>ALlUD·</strong></span> 
     </span>
    </p>
   </div>
   <div class='ocr_carea' id='block_1_23' title="bbox 1096 727 1819 876">
    <p class='ocr_par' dir='ltr' id='par_1_27' title="bbox 1096 727 1819 876">
     <span class='ocr_line' id='line_1_50' title="bbox 1096 727 1765 793; baseline 0.007 -17"><span class='ocrx_word' id='word_1_256' title='bbox 1096 727 1127 776; x_wconf 85' lang='lat' dir='ltr'><strong>Et</strong></span> <span class='ocrx_word' id='word_1_257' title='bbox 1136 729 1198 788; x_wconf 85' lang='lat' dir='ltr'><strong>te,o</strong></span> <span class='ocrx_word' id='word_1_258' title='bbox 1210 730 1355 793; x_wconf 71' lang='lat' dir='ltr'><strong>Protagora,</strong></span> <span class='ocrx_word' id='word_1_259' title='bbox 1367 729 1441 780; x_wconf 86' lang='lat' dir='ltr'><strong>studii</strong></span> <span class='ocrx_word' id='word_1_260' title='bbox 1455 729 1547 780; x_wconf 69' lang='lat' dir='ltr'><strong>samus</strong></span> <span class='ocrx_word' id='word_1_261' title='bbox 1557 729 1636 780; x_wconf 88' lang='lat' dir='ltr'><strong>telum</strong></span> <span class='ocrx_word' id='word_1_262' title='bbox 1649 733 1765 792; x_wconf 69' lang='lat' dir='ltr'><strong>mutum,</strong></span> 
     </span>
     <span class='ocr_line' id='line_1_51' title="bbox 1128 811 1819 876; baseline 0.006 -14"><span class='ocrx_word' id='word_1_263' title='bbox 1128 811 1172 863; x_wconf 86' lang='lat' dir='ltr'><strong>sed</strong></span> <span class='ocrx_word' id='word_1_264' title='bbox 1183 827 1232 863; x_wconf 90' lang='lat' dir='ltr'><strong>non</strong></span> <span class='ocrx_word' id='word_1_265' title='bbox 1245 815 1388 876; x_wconf 85' lang='lat' dir='ltr'><strong>vulnerans,</strong></span> <span class='ocrx_word' id='word_1_266' title='bbox 1398 816 1496 866; x_wconf 88' lang='lat' dir='ltr'><strong>omnino</strong></span> <span class='ocrx_word' id='word_1_267' title='bbox 1505 829 1564 866; x_wconf 84' lang='lat' dir='ltr'><strong>raro</strong></span> <span class='ocrx_word' id='word_1_268' title='bbox 1573 815 1645 867; x_wconf 86' lang='lat' dir='ltr'><strong>dulce</strong></span> <span class='ocrx_word' id='word_1_269' title='bbox 1656 816 1819 868; x_wconf 81' lang='lat' dir='ltr'><strong>linimentum.</strong></span> 
     </span>
    </p>
   </div>
   <div class='ocr_carea' id='block_1_24' title="bbox 1302 949 1662 1000">
    <p class='ocr_par' dir='ltr' id='par_1_28' title="bbox 1302 949 1662 1000">
     <span class='ocr_line' id='line_1_52' title="bbox 1302 949 1662 1000; baseline 0.003 -3"><span class='ocrx_word' id='word_1_270' title='bbox 1302 953 1352 999; x_wconf 82' lang='lat'><strong>133.</strong></span> <span class='ocrx_word' id='word_1_271' title='bbox 1367 950 1515 1000; x_wconf 83' lang='lat' dir='ltr'><strong>DIOGENIS</strong></span> <span class='ocrx_word' id='word_1_272' title='bbox 1530 949 1662 999; x_wconf 70' lang='lat' dir='ltr'><strong>manill.</strong></span> 
     </span>
    </p>
   </div>
   <div class='ocr_carea' id='block_1_25' title="bbox 1097 1073 1850 1230">
    <p class='ocr_par' dir='ltr' id='par_1_29' title="bbox 1097 1073 1850 1230">
     <span class='ocr_line' id='line_1_53' title="bbox 1097 1073 1751 1137; baseline 0.006 -14"><span class='ocrx_word' id='word_1_273' title='bbox 1097 1073 1193 1136; x_wconf 82' lang='lat' dir='ltr'><strong>Melite,</strong></span> <span class='ocrx_word' id='word_1_274' title='bbox 1204 1074 1354 1137; x_wconf 84' lang='lat' dir='ltr'><strong>olliooereo,</strong></span> <span class='ocrx_word' id='word_1_275' title='bbox 1370 1076 1452 1126; x_wconf 89' lang='lat' dir='ltr'><strong>adbuc</strong></span> <span class='ocrx_word' id='word_1_276' title='bbox 1461 1079 1487 1127; x_wconf 86' lang='lat' dir='ltr'><strong>et</strong></span> <span class='ocrx_word' id='word_1_277' title='bbox 1501 1077 1584 1135; x_wconf 70' lang='lat' dir='ltr'><strong>valde:</strong></span> <span class='ocrx_word' id='word_1_278' title='bbox 1595 1091 1681 1129; x_wconf 79' lang='lat' dir='ltr'><strong>sacrm</strong></span> <span class='ocrx_word' id='word_1_279' title='bbox 1690 1081 1729 1130; x_wconf 87' lang='lat' dir='ltr'><strong>est</strong></span> <span class='ocrx_word' id='word_1_280' title='bbox 1746 1099 1751 1127; x_wconf 77' lang='grc' dir='ltr'>ι</span> 
     </span>
     <span class='ocr_line' id='line_1_54' title="bbox 1129 1162 1850 1230; baseline 0.006 -19"><span class='ocrx_word' id='word_1_281' title='bbox 1129 1162 1226 1222; x_wconf 87' lang='lat' dir='ltr'><strong>molite;</strong></span> <span class='ocrx_word' id='word_1_282' title='bbox 1238 1163 1396 1214; x_wconf 74' lang='lat' dir='ltr'><strong>Anaxarchus</strong></span> <span class='ocrx_word' id='word_1_283' title='bbox 1405 1175 1464 1214; x_wconf 81' lang='lat' dir='ltr'><strong>vero</strong></span> <span class='ocrx_word' id='word_1_284' title='bbox 1475 1166 1541 1228; x_wconf 88' lang='lat' dir='ltr'><strong>apud</strong></span> <span class='ocrx_word' id='word_1_285' title='bbox 1551 1169 1638 1216; x_wconf 84' lang='lat' dir='ltr'><strong>lovem</strong></span> <span class='ocrx_word' id='word_1_286' title='bbox 1652 1169 1691 1217; x_wconf 85' lang='lat' dir='ltr'><strong>est</strong></span> <span class='ocrx_word' id='word_1_287' title='bbox 1703 1165 1850 1230; x_wconf 87' lang='lat' dir='ltr'><strong>jampridem.</strong></span> 
     </span>
    </p>
   </div>
   <div class='ocr_carea' id='block_1_26' title="bbox 1098 1250 1784 1405">
    <p class='ocr_par' dir='ltr' id='par_1_30' title="bbox 1098 1250 1784 1405">
     <span class='ocr_line' id='line_1_55' title="bbox 1098 1250 1784 1318; baseline 0.007 -17"><span class='ocrx_word' id='word_1_288' title='bbox 1098 1255 1132 1301; x_wconf 80' lang='lat' dir='ltr'><strong>Aa</strong></span> <span class='ocrx_word' id='word_1_289' title='bbox 1145 1255 1171 1302; x_wconf 88' lang='lat' dir='ltr'><strong>te</strong></span> <span class='ocrx_word' id='word_1_290' title='bbox 1182 1250 1319 1302; x_wconf 83' lang='lat' dir='ltr'><strong>distraham</strong></span> <span class='ocrx_word' id='word_1_291' title='bbox 1332 1253 1469 1315; x_wconf 71' lang='lat' dir='ltr'><strong>pectinibus</strong></span> <span class='ocrx_word' id='word_1_292' title='bbox 1481 1255 1632 1318; x_wconf 88' lang='lat' dir='ltr'><strong>aliquantum</strong></span> <span class='ocrx_word' id='word_1_293' title='bbox 1640 1295 1647 1315; x_wconf 97' lang='lat'><strong>,</strong></span> <span class='ocrx_word' id='word_1_294' title='bbox 1655 1254 1784 1306; x_wconf 78' lang='lat' dir='ltr'><strong>hacdicet</strong></span> 
     </span>
     <span class='ocr_line' id='line_1_56' title="bbox 1129 1339 1751 1405; baseline -0.002 -16"><span class='ocrx_word' id='word_1_295' title='bbox 1129 1339 1204 1390; x_wconf 86' lang='lat' dir='ltr'><strong>verba</strong></span> <span class='ocrx_word' id='word_1_296' title='bbox 1217 1341 1360 1404; x_wconf 81' lang='lat' dir='ltr'><strong>Proserpina</strong></span> <span class='ocrx_word' id='word_1_297' title='bbox 1375 1363 1380 1389; x_wconf 89' lang='lat'>:</span> <span class='ocrx_word' id='word_1_298' title='bbox 1397 1361 1408 1384; x_wconf 74' lang='grc' dir='ltr'>ι</span> <span class='ocrx_word' id='word_1_299' title='bbox 1423 1341 1489 1404; x_wconf 83' lang='lat' dir='ltr'><strong>Peri,</strong></span> <span class='ocrx_word' id='word_1_300' title='bbox 1504 1343 1602 1392; x_wconf 83' lang='lat' dir='ltr'><strong>molitor</strong></span> <span class='ocrx_word' id='word_1_301' title='bbox 1612 1343 1725 1405; x_wconf 83' lang='lat' dir='ltr'><strong>pessime.</strong></span> <span class='ocrx_word' id='word_1_302' title='bbox 1740 1365 1751 1388; x_wconf 69' lang='lat' dir='ltr'><strong>a</strong></span> 
     </span>
    </p>
   </div>
   <div class='ocr_carea' id='block_1_27' title="bbox 1098 1475 1760 1872">
    <p class='ocr_par' dir='ltr' id='par_1_31' title="bbox 1098 1475 1760 1872">
     <span class='ocr_line' id='line_1_57' title="bbox 1385 1475 1598 1526; baseline 0.014 -6"><span class='ocrx_word' id='word_1_303' title='bbox 1385 1475 1438 1522; x_wconf 75' lang='lat' dir='ltr'><strong>lai.</strong></span> <span class='ocrx_word' id='word_1_304' title='bbox 1460 1481 1598 1526; x_wconf 77' lang='lat' dir='ltr'><strong>incisam.</strong></span> 
     </span>
     <span class='ocr_line' id='line_1_58' title="bbox 1098 1575 1513 1674; baseline 0.002 -14"><span class='ocrx_word' id='word_1_305' title='bbox 1098 1611 1144 1660; x_wconf 74' lang='lat' dir='ltr'><strong>me</strong></span> <span class='ocrx_word' id='word_1_306' title='bbox 1157 1611 1252 1674; x_wconf 73' lang='lat' dir='ltr'><strong>corpe</strong></span> <span class='ocrx_word' id='word_1_307' title='bbox 1263 1613 1338 1674; x_wconf 74' lang='lat' dir='ltr'><strong>caput</strong></span> <span class='ocrx_word' id='word_1_308' title='bbox 1348 1575 1513 1674; x_wconf 61' lang='lat' dir='ltr'><strong>muruco,</strong></span> 
     </span>
     <span class='ocr_line' id='line_1_59' title="bbox 1128 1699 1760 1762; baseline 0 -14"><span class='ocrx_word' id='word_1_309' title='bbox 1128 1711 1177 1748; x_wconf 88' lang='lat' dir='ltr'><strong>non</strong></span> <span class='ocrx_word' id='word_1_310' title='bbox 1187 1699 1237 1761; x_wconf 77' lang='lat' dir='ltr'><strong>iam</strong></span> <span class='ocrx_word' id='word_1_311' title='bbox 1249 1699 1515 1762; x_wconf 75' lang='lat' dir='ltr'><strong>tussiens-ctaputaus,</strong></span> <span class='ocrx_word' id='word_1_312' title='bbox 1529 1711 1609 1762; x_wconf 84' lang='lat' dir='ltr'><strong>neque</strong></span> <span class='ocrx_word' id='word_1_313' title='bbox 1622 1711 1760 1762; x_wconf 81' lang='lat' dir='ltr'><strong>emungens.</strong></span> 
     </span>
     <span class='ocr_line' id='line_1_60' title="bbox 1396 1811 1685 1872; baseline 0.01 -3"><span class='ocrx_word' id='word_1_314' title='bbox 1396 1811 1448 1870; x_wconf 82' lang='lat' dir='ltr'><strong>ias.</strong></span> <span class='ocrx_word' id='word_1_315' title='bbox 1469 1829 1575 1872; x_wconf 76' lang='lat' dir='ltr'><strong>neruo.</strong></span> <span class='ocrx_word' id='word_1_316' title='bbox 1681 1812 1685 1818; x_wconf 73' lang='grc'><strong>“</strong></span> 
     </span>
    </p>
   </div>
   <div class='ocr_carea' id='block_1_28' title="bbox 1097 1941 1933 2270">
    <p class='ocr_par' dir='ltr' id='par_1_32' title="bbox 1098 1941 1749 2097">
     <span class='ocr_line' id='line_1_61' title="bbox 1098 1941 1749 2009; baseline -0.006 -13"><span class='ocrx_word' id='word_1_317' title='bbox 1098 1945 1229 1996; x_wconf 78' lang='lat' dir='ltr'><strong>Thessalus</strong></span> <span class='ocrx_word' id='word_1_318' title='bbox 1243 1946 1416 2009; x_wconf 69' lang='lat' dir='ltr'><strong>Hippocraten,</strong></span> <span class='ocrx_word' id='word_1_319' title='bbox 1430 1947 1496 1994; x_wconf 82' lang='lat' dir='ltr'><strong>cous</strong></span> <span class='ocrx_word' id='word_1_320' title='bbox 1505 1957 1606 2008; x_wconf 81' lang='lat' dir='ltr'><strong>genere,</strong></span> <span class='ocrx_word' id='word_1_321' title='bbox 1620 1941 1661 1992; x_wconf 87' lang='lat' dir='ltr'><strong>blc</strong></span> <span class='ocrx_word' id='word_1_322' title='bbox 1670 1944 1749 2007; x_wconf 76' lang='lat' dir='ltr'><strong>jacet,</strong></span> 
     </span>
     <span class='ocr_line' id='line_1_62' title="bbox 1128 2033 1568 2097; baseline -0.005 -13"><span class='ocrx_word' id='word_1_323' title='bbox 1128 2034 1213 2085; x_wconf 66' lang='lat' dir='ltr'><strong>Phoebi</strong></span> <span class='ocrx_word' id='word_1_324' title='bbox 1225 2048 1239 2084; x_wconf 88' lang='lat' dir='ltr'><strong>a</strong></span> <span class='ocrx_word' id='word_1_325' title='bbox 1250 2035 1325 2097; x_wconf 81' lang='lat' dir='ltr'><strong>stirpe</strong></span> <span class='ocrx_word' id='word_1_326' title='bbox 1337 2033 1468 2083; x_wconf 82' lang='lat' dir='ltr'><strong>immortali</strong></span> <span class='ocrx_word' id='word_1_327' title='bbox 1481 2034 1568 2094; x_wconf 75' lang='lat' dir='ltr'><strong>natue,</strong></span> 
     </span>
    </p>

    <p class='ocr_par' dir='ltr' id='par_1_33' title="bbox 1097 2117 1933 2270">
     <span class='ocr_line' id='line_1_63' title="bbox 1097 2117 1933 2184; baseline -0.004 -14"><span class='ocrx_word' id='word_1_328' title='bbox 1097 2120 1201 2184; x_wconf 87' lang='lat' dir='ltr'><strong>plurima</strong></span> <span class='ocrx_word' id='word_1_329' title='bbox 1212 2117 1322 2184; x_wconf 73' lang='lat' dir='ltr'><strong>trophaea</strong></span> <span class='ocrx_word' id='word_1_330' title='bbox 1328 2119 1469 2168; x_wconf 85' lang='lat' dir='ltr'><strong>morborum</strong></span> <span class='ocrx_word' id='word_1_331' title='bbox 1482 2118 1612 2182; x_wconf 77' lang='lat' dir='ltr'><strong>qui-erexit</strong></span> <span class='ocrx_word' id='word_1_332' title='bbox 1624 2119 1700 2168; x_wconf 87' lang='lat' dir='ltr'><strong>armis</strong></span> <span class='ocrx_word' id='word_1_333' title='bbox 1708 2119 1826 2182; x_wconf 77' lang='lat' dir='ltr'><strong>Hygiaeae,</strong></span> <span class='ocrx_word' id='word_1_334' title='bbox 1932 2117 1933 2120; x_wconf 76' lang='grc'>’</span> 
     </span>
     <span class='ocr_line' id='line_1_64' title="bbox 1127 2185 1933 2270; baseline -0.005 -11"><span class='ocrx_word' id='word_1_335' title='bbox 1127 2208 1225 2259; x_wconf 83' lang='lat' dir='ltr'><strong>laudem</strong></span> <span class='ocrx_word' id='word_1_336' title='bbox 1239 2208 1343 2270; x_wconf 87' lang='lat' dir='ltr'><strong>adeptus</strong></span> <span class='ocrx_word' id='word_1_337' title='bbox 1356 2207 1521 2270; x_wconf 85' lang='lat' dir='ltr'><strong>apudmultos</strong></span> <span class='ocrx_word' id='word_1_338' title='bbox 1536 2222 1585 2257; x_wconf 88' lang='lat' dir='ltr'><strong>non</strong></span> <span class='ocrx_word' id='word_1_339' title='bbox 1594 2185 1727 2268; x_wconf 59' lang='lat' dir='ltr'><strong>aorte,⁸sed</strong></span> <span class='ocrx_word' id='word_1_340' title='bbox 1737 2208 1798 2256; x_wconf 82' lang='lat' dir='ltr'><strong>arte.</strong></span> <span class='ocrx_word' id='word_1_341' title='bbox 1932 2219 1933 2230; x_wconf 60' lang='lat'>¹</span> 
     </span>
    </p>
   </div>
   <div class='ocr_carea' id='block_1_29' title="bbox 1363 2332 1678 2394">
    <p class='ocr_par' dir='ltr' id='par_1_34' title="bbox 1363 2332 1678 2394">
     <span class='ocr_line' id='line_1_65' title="bbox 1363 2332 1678 2394; baseline 0.01 -2"><span class='ocrx_word' id='word_1_342' title='bbox 1363 2349 1415 2394; x_wconf 82' lang='lat' dir='ltr'><strong>rso.</strong></span> <span class='ocrx_word' id='word_1_343' title='bbox 1436 2344 1609 2394; x_wconf 69' lang='lat' dir='ltr'><strong>asarenam.</strong></span> <span class='ocrx_word' id='word_1_344' title='bbox 1676 2332 1678 2340; x_wconf 89' lang='lat'>&#39;</span> 
     </span>
    </p>
   </div>
   <div class='ocr_carea' id='block_1_30' title="bbox 1097 2443 1780 2632">
    <p class='ocr_par' dir='ltr' id='par_1_35' title="bbox 1097 2443 1780 2632">
     <span class='ocr_line' id='line_1_66' title="bbox 1097 2443 1780 2543; baseline -0.001 -13"><span class='ocrx_word' id='word_1_345' title='bbox 1097 2481 1183 2531; x_wconf 91' lang='lat' dir='ltr'><strong>Herois</strong></span> <span class='ocrx_word' id='word_1_346' title='bbox 1193 2443 1283 2530; x_wconf 89' lang='lat' dir='ltr'><strong>Piiami</strong></span> <span class='ocrx_word' id='word_1_347' title='bbox 1296 2483 1369 2530; x_wconf 89' lang='lat' dir='ltr'><strong>tenue</strong></span> <span class='ocrx_word' id='word_1_348' title='bbox 1383 2480 1535 2543; x_wconf 87' lang='lat' dir='ltr'><strong>sepulcrum,</strong></span> <span class='ocrx_word' id='word_1_349' title='bbox 1548 2493 1598 2528; x_wconf 87' lang='lat' dir='ltr'><strong>nou</strong></span> <span class='ocrx_word' id='word_1_350' title='bbox 1608 2478 1677 2542; x_wconf 88' lang='lat' dir='ltr'><strong>quod</strong></span> <span class='ocrx_word' id='word_1_351' title='bbox 1686 2479 1780 2529; x_wconf 67' lang='lat' dir='ltr'><strong>mutulo</strong></span> 
     </span>
     <span class='ocr_line' id='line_1_67' title="bbox 1127 2567 1756 2632; baseline -0.003 -15"><span class='ocrx_word' id='word_1_352' title='bbox 1127 2568 1228 2632; x_wconf 81' lang='lat' dir='ltr'><strong>dignus,</strong></span> <span class='ocrx_word' id='word_1_353' title='bbox 1241 2567 1285 2618; x_wconf 86' lang='lat' dir='ltr'><strong>sed</strong></span> <span class='ocrx_word' id='word_1_354' title='bbox 1297 2567 1406 2616; x_wconf 89' lang='lat' dir='ltr'><strong>hostium</strong></span> <span class='ocrx_word' id='word_1_355' title='bbox 1415 2567 1528 2617; x_wconf 86' lang='lat' dir='ltr'><strong>manibus</strong></span> <span class='ocrx_word' id='word_1_356' title='bbox 1537 2567 1756 2618; x_wconf 82' lang='lat' dir='ltr'><strong>sumus-tumulati.</strong></span> 
     </span>
    </p>
   </div>
   <div class='ocr_carea' id='block_1_31' title="bbox 1367 2698 1588 2746">
    <p class='ocr_par' dir='ltr' id='par_1_36' title="bbox 1367 2698 1588 2746">
     <span class='ocr_line' id='line_1_68' title="bbox 1367 2698 1588 2746; baseline 0.014 -5"><span class='ocrx_word' id='word_1_357' title='bbox 1367 2698 1417 2743; x_wconf 73' lang='lat'>1³7.</span> <span class='ocrx_word' id='word_1_358' title='bbox 1444 2705 1588 2746; x_wconf 71' lang='lat' dir='ltr'><strong>amonim}</strong></span> 
     </span>
    </p>
   </div>
   <div class='ocr_carea' id='block_1_32' title="bbox 1096 2821 1935 3254">
    <p class='ocr_par' dir='ltr' id='par_1_37' title="bbox 1096 2821 1858 2975">
     <span class='ocr_line' id='line_1_69' title="bbox 1096 2821 1858 2886; baseline -0.007 -11"><span class='ocrx_word' id='word_1_359' title='bbox 1096 2829 1130 2876; x_wconf 84' lang='lat' dir='ltr'><strong>Ne</strong></span> <span class='ocrx_word' id='word_1_360' title='bbox 1150 2839 1190 2874; x_wconf 90' lang='lat' dir='ltr'><strong>me</strong></span> <span class='ocrx_word' id='word_1_361' title='bbox 1206 2838 1263 2874; x_wconf 89' lang='lat' dir='ltr'><strong>cum</strong></span> <span class='ocrx_word' id='word_1_362' title='bbox 1277 2823 1389 2886; x_wconf 87' lang='lat' dir='ltr'><strong>sepulcro</strong></span> <span class='ocrx_word' id='word_1_363' title='bbox 1408 2821 1456 2872; x_wconf 83' lang='lat' dir='ltr'><strong>lrac</strong></span> <span class='ocrx_word' id='word_1_364' title='bbox 1473 2835 1599 2886; x_wconf 86' lang='lat' dir='ltr'><strong>compares</strong></span> <span class='ocrx_word' id='word_1_365' title='bbox 1614 2823 1752 2882; x_wconf 73' lang='lat' dir='ltr'><strong>Hectorem,</strong></span> <span class='ocrx_word' id='word_1_366' title='bbox 1765 2835 1858 2884; x_wconf 83' lang='lat' dir='ltr'><strong>nequae</strong></span> 
     </span>
     <span class='ocr_line' id='line_1_70' title="bbox 1126 2909 1857 2975; baseline -0.007 -12"><span class='ocrx_word' id='word_1_367' title='bbox 1126 2914 1211 2965; x_wconf 91' lang='lat' dir='ltr'><strong>metire</strong></span> <span class='ocrx_word' id='word_1_368' title='bbox 1224 2913 1301 2962; x_wconf 87' lang='lat' dir='ltr'><strong>totius</strong></span> <span class='ocrx_word' id='word_1_369' title='bbox 1315 2911 1416 2961; x_wconf 72' lang='lat' dir='ltr'><strong>Graeciar</strong></span> <span class='ocrx_word' id='word_1_370' title='bbox 1431 2911 1615 2975; x_wconf 78' lang='lat' dir='ltr'><strong>antagonistam.</strong></span> <span class='ocrx_word' id='word_1_371' title='bbox 1769 2909 1857 2972; x_wconf 88' lang='lat' dir='ltr'><strong>[tumulo</strong></span> 
     </span>
    </p>

    <p class='ocr_par' dir='ltr' id='par_1_38' title="bbox 1096 2998 1822 3153">
     <span class='ocr_line' id='line_1_71' title="bbox 1096 2998 1822 3074; baseline -0.007 -22"><span class='ocrx_word' id='word_1_372' title='bbox 1096 3002 1160 3062; x_wconf 89' lang='lat' dir='ltr'><strong>llias,</strong></span> <span class='ocrx_word' id='word_1_373' title='bbox 1170 3003 1221 3065; x_wconf 85' lang='lat' dir='ltr'><strong>ipae</strong></span> <span class='ocrx_word' id='word_1_374' title='bbox 1230 3003 1351 3074; x_wconf 71' lang='lat' dir='ltr'><strong>Homerus</strong></span> <span class='ocrx_word' id='word_1_375' title='bbox 1363 2999 1424 3048; x_wconf 91' lang='lat' dir='ltr'><strong>mibi</strong></span> <span class='ocrx_word' id='word_1_376' title='bbox 1436 2999 1611 3063; x_wconf 87' lang='lat' dir='ltr'><strong>pro-sepulcro,</strong></span> <span class='ocrx_word' id='word_1_377' title='bbox 1623 2999 1730 3061; x_wconf 71' lang='lat' dir='ltr'><strong>Graecia,</strong></span> <span class='ocrx_word' id='word_1_378' title='bbox 1746 2998 1822 3049; x_wconf 73' lang='lat' dir='ltr'><strong>achei</strong></span> 
     </span>
     <span class='ocr_line' id='line_1_72' title="bbox 1127 3085 1674 3153; baseline -0.005 -14"><span class='ocrx_word' id='word_1_379' title='bbox 1127 3089 1246 3153; x_wconf 78' lang='lat' dir='ltr'><strong>rugiemes</strong></span> <span class='ocrx_word' id='word_1_380' title='bbox 1260 3109 1265 3138; x_wconf 92' lang='lat'><strong>:</strong></span> <span class='ocrx_word' id='word_1_381' title='bbox 1277 3087 1317 3138; x_wconf 90' lang='lat' dir='ltr'><strong>bis</strong></span> <span class='ocrx_word' id='word_1_382' title='bbox 1328 3087 1442 3138; x_wconf 80' lang='lat' dir='ltr'><strong>oninibua</strong></span> <span class='ocrx_word' id='word_1_383' title='bbox 1451 3085 1674 3137; x_wconf 85' lang='lat' dir='ltr'><strong>sumus-tumulati.</strong></span> 
     </span>
    </p>

    <p class='ocr_par' dir='ltr' id='par_1_39' title="bbox 1096 3169 1935 3254">
     <span class='ocr_line' id='line_1_73' title="bbox 1096 3169 1935 3254; baseline -0.011 -28"><span class='ocrx_word' id='word_1_384' title='bbox 1096 3177 1120 3226; x_wconf 88' lang='lat' dir='ltr'><strong>Si</strong></span> <span class='ocrx_word' id='word_1_385' title='bbox 1133 3191 1192 3226; x_wconf 80' lang='lat' dir='ltr'><strong>vero</strong></span> <span class='ocrx_word' id='word_1_386' title='bbox 1206 3178 1304 3226; x_wconf 86' lang='lat' dir='ltr'><strong>tenuem</strong></span> <span class='ocrx_word' id='word_1_387' title='bbox 1320 3175 1398 3225; x_wconf 81' lang='lat' dir='ltr'><strong>cernis</strong></span> <span class='ocrx_word' id='word_1_388' title='bbox 1409 3175 1483 3224; x_wconf 86' lang='lat' dir='ltr'><strong>inrue</strong></span> <span class='ocrx_word' id='word_1_389' title='bbox 1495 3173 1636 3237; x_wconf 85' lang='lat' dir='ltr'><strong>pulverem,</strong></span> <span class='ocrx_word' id='word_1_390' title='bbox 1653 3186 1701 3222; x_wconf 89' lang='lat' dir='ltr'><strong>non</strong></span> <span class='ocrx_word' id='word_1_391' title='bbox 1712 3170 1771 3220; x_wconf 91' lang='lat' dir='ltr'><strong>mibi</strong></span> <span class='ocrx_word' id='word_1_392' title='bbox 1786 3171 1819 3219; x_wconf 86' lang='lat' dir='ltr'><strong>est</strong></span> <span class='ocrx_word' id='word_1_393' title='bbox 1830 3169 1857 3217; x_wconf 90' lang='lat' dir='ltr'><strong>in·</strong></span> <span class='ocrx_word' id='word_1_394' title='bbox 1934 3217 1935 3254; x_wconf 63' lang='grc'>,</span> 
     </span>
    </p>
   </div>
   <div class='ocr_carea' id='block_1_33' title="bbox 1128 3257 1935 3322">
    <p class='ocr_par' dir='ltr' id='par_1_40' title="bbox 1128 3257 1935 3322">
     <span class='ocr_line' id='line_1_74' title="bbox 1128 3257 1935 3322; baseline -0.005 -8"><span class='ocrx_word' id='word_1_395' title='bbox 1128 3267 1266 3314; x_wconf 69' lang='lat' dir='ltr'><strong>Graecorum</strong></span> <span class='ocrx_word' id='word_1_396' title='bbox 1277 3263 1380 3314; x_wconf 89' lang='lat' dir='ltr'><strong>inimicis</strong></span> <span class='ocrx_word' id='word_1_397' title='bbox 1388 3260 1723 3312; x_wconf 77' lang='lat' dir='ltr'><strong>manibussumustumulali.</strong></span> <span class='ocrx_word' id='word_1_398' title='bbox 1765 3257 1855 3322; x_wconf 72' lang='lat' dir='ltr'><strong>[iamim</strong></span> <span class='ocrx_word' id='word_1_399' title='bbox 1934 3271 1935 3310; x_wconf 79' lang='lat' dir='ltr'><strong>l</strong></span> 
     </span>
    </p>
   </div>
   <div class='ocr_carea' id='block_1_34' title="bbox 1275 3390 1695 3442">
    <p class='ocr_par' dir='ltr' id='par_1_41' title="bbox 1275 3390 1695 3442">
     <span class='ocr_line' id='line_1_75' title="bbox 1275 3390 1695 3442; baseline -0.01 -2"><span class='ocrx_word' id='word_1_400' title='bbox 1275 3396 1325 3442; x_wconf 83' lang='lat'><strong>138.</strong></span> <span class='ocrx_word' id='word_1_401' title='bbox 1343 3391 1478 3439; x_wconf 74' lang='lat' dir='ltr'><strong>acnuam</strong></span> <span class='ocrx_word' id='word_1_402' title='bbox 1493 3390 1695 3438; x_wconf 74' lang='lat' dir='ltr'>GRAMMATICI.</span> 
     </span>
    </p>
   </div>
   <div class='ocr_carea' id='block_1_35' title="bbox 1096 3509 1683 3841">
    <p class='ocr_par' dir='ltr' id='par_1_42' title="bbox 1097 3509 1682 3660">
     <span class='ocr_line' id='line_1_76' title="bbox 1097 3509 1682 3576; baseline -0.01 -11"><span class='ocrx_word' id='word_1_403' title='bbox 1097 3520 1118 3566; x_wconf 91' lang='lat'>0</span> <span class='ocrx_word' id='word_1_404' title='bbox 1133 3517 1223 3565; x_wconf 84' lang='lat' dir='ltr'><strong>Hector</strong></span> <span class='ocrx_word' id='word_1_405' title='bbox 1235 3513 1369 3563; x_wconf 85' lang='lat' dir='ltr'><strong>Homericis</strong></span> <span class='ocrx_word' id='word_1_406' title='bbox 1378 3524 1457 3576; x_wconf 84' lang='lat' dir='ltr'><strong>usque</strong></span> <span class='ocrx_word' id='word_1_407' title='bbox 1470 3510 1590 3562; x_wconf 82' lang='lat' dir='ltr'><strong>celebrate</strong></span> <span class='ocrx_word' id='word_1_408' title='bbox 1602 3509 1682 3573; x_wconf 87' lang='lat' dir='ltr'><strong>libris,</strong></span> 
     </span>
     <span class='ocr_line' id='line_1_77' title="bbox 1126 3599 1602 3660; baseline -0.008 -8"><span class='ocrx_word' id='word_1_409' title='bbox 1126 3602 1308 3653; x_wconf 73' lang='lat' dir='ltr'><strong>ediis-structo</strong></span> <span class='ocrx_word' id='word_1_410' title='bbox 1321 3615 1393 3651; x_wconf 89' lang='lat' dir='ltr'><strong>muro</strong></span> <span class='ocrx_word' id='word_1_411' title='bbox 1407 3601 1498 3650; x_wconf 91' lang='lat' dir='ltr'><strong>lirmior</strong></span> <span class='ocrx_word' id='word_1_412' title='bbox 1511 3599 1602 3660; x_wconf 86' lang='lat' dir='ltr'><strong>tulela,</strong></span> 
     </span>
    </p>

    <p class='ocr_par' dir='ltr' id='par_1_43' title="bbox 1096 3687 1683 3841">
     <span class='ocr_line' id='line_1_78' title="bbox 1096 3687 1683 3748; baseline -0.009 -7"><span class='ocrx_word' id='word_1_413' title='bbox 1096 3691 1154 3741; x_wconf 87' lang='lat' dir='ltr'><strong>inte</strong></span> <span class='ocrx_word' id='word_1_414' title='bbox 1169 3689 1301 3741; x_wconf 72' lang='lat' dir='ltr'><strong>Maeonides</strong></span> <span class='ocrx_word' id='word_1_415' title='bbox 1316 3689 1405 3739; x_wconf 74' lang='lat' dir='ltr'><strong>desivit</strong></span> <span class='ocrx_word' id='word_1_416' title='bbox 1417 3702 1423 3730; x_wconf 86' lang='lat'>:</span> <span class='ocrx_word' id='word_1_417' title='bbox 1433 3691 1459 3738; x_wconf 87' lang='lat' dir='ltr'><strong>te</strong></span> <span class='ocrx_word' id='word_1_418' title='bbox 1472 3687 1537 3738; x_wconf 91' lang='lat' dir='ltr'><strong>enim</strong></span> <span class='ocrx_word' id='word_1_419' title='bbox 1549 3687 1683 3748; x_wconf 83' lang='lat' dir='ltr'><strong>exstincto,</strong></span> 
     </span>
     <span class='ocr_line' id='line_1_79' title="bbox 1127 3775 1595 3841; baseline -0.009 -12"><span class='ocrx_word' id='word_1_420' title='bbox 1127 3780 1226 3840; x_wconf 80' lang='lat' dir='ltr'><strong>Hector,</strong></span> <span class='ocrx_word' id='word_1_421' title='bbox 1237 3777 1305 3828; x_wconf 89' lang='lat' dir='ltr'><strong>siluit</strong></span> <span class='ocrx_word' id='word_1_422' title='bbox 1318 3777 1392 3828; x_wconf 86' lang='lat' dir='ltr'><strong>etiam</strong></span> <span class='ocrx_word' id='word_1_423' title='bbox 1401 3776 1489 3841; x_wconf 86' lang='lat' dir='ltr'><strong>pagina</strong></span> <span class='ocrx_word' id='word_1_424' title='bbox 1505 3775 1595 3827; x_wconf 84' lang='lat' dir='ltr'><strong>Iliadis.</strong></span> 
     </span>
    </p>
   </div>
   <div class='ocr_carea' id='block_1_36' title="bbox 1376 3961 1597 4094">
    <p class='ocr_par' dir='ltr' id='par_1_44' title="bbox 1376 3961 1597 4094">
     <span class='ocr_line' id='line_1_80' title="bbox 1376 3961 1597 4020; baseline 0 -12"><span class='ocrx_word' id='word_1_425' title='bbox 1376 3961 1431 4010; x_wconf 78' lang='lat'>136.</span> <span class='ocrx_word' id='word_1_426' title='bbox 1452 3975 1597 4020; x_wconf 80' lang='lat' dir='ltr'><strong>anrmnrai,</strong></span> 
     </span>
     <span class='ocr_line' id='line_1_81' title="bbox 1414 4042 1560 4094; baseline 0.014 -2"><span class='ocrx_word' id='word_1_427' title='bbox 1414 4042 1444 4092; x_wconf 82' lang='lat' dir='ltr'><strong>de</strong></span> <span class='ocrx_word' id='word_1_428' title='bbox 1456 4044 1560 4094; x_wconf 84' lang='lat' dir='ltr'><strong>Priamo.</strong></span> 
     </span>
    </p>
   </div>
   <div class='ocr_carea' id='block_1_37' title="bbox 1098 4133 1709 4282">
    <p class='ocr_par' dir='ltr' id='par_1_45' title="bbox 1098 4133 1709 4282">
     <span class='ocr_line' id='line_1_82' title="bbox 1098 4133 1709 4200; baseline -0.008 -14"><span class='ocrx_word' id='word_1_429' title='bbox 1098 4138 1135 4186; x_wconf 85' lang='lat' dir='ltr'><strong>Eu</strong></span> <span class='ocrx_word' id='word_1_430' title='bbox 1146 4137 1234 4186; x_wconf 81' lang='lat' dir='ltr'><strong>Priami</strong></span> <span class='ocrx_word' id='word_1_431' title='bbox 1246 4143 1399 4184; x_wconf 88' lang='lat' dir='ltr'><strong>monumenta</strong></span> <span class='ocrx_word' id='word_1_432' title='bbox 1411 4133 1476 4182; x_wconf 75' lang='lat' dir='ltr'><strong>rides</strong></span> <span class='ocrx_word' id='word_1_433' title='bbox 1490 4143 1598 4198; x_wconf 70' lang='grc' dir='ltr'>αοςιιιῐε,</span> <span class='ocrx_word' id='word_1_434' title='bbox 1608 4149 1652 4182; x_wconf 87' lang='lat' dir='ltr'><strong>uec</strong></span> <span class='ocrx_word' id='word_1_435' title='bbox 1661 4134 1709 4200; x_wconf 79' lang='lat' dir='ltr'><strong>ipso</strong></span> 
     </span>
     <span class='ocr_line' id='line_1_83' title="bbox 1131 4215 1655 4282; baseline -0.002 -15"><span class='ocrx_word' id='word_1_436' title='bbox 1131 4217 1205 4282; x_wconf 74' lang='lat' dir='ltr'><strong>Digna</strong></span> <span class='ocrx_word' id='word_1_437' title='bbox 1214 4254 1221 4279; x_wconf 95' lang='lat'><strong>,</strong></span> <span class='ocrx_word' id='word_1_438' title='bbox 1231 4217 1272 4266; x_wconf 85' lang='lat' dir='ltr'><strong>sed</strong></span> <span class='ocrx_word' id='word_1_439' title='bbox 1280 4215 1378 4266; x_wconf 85' lang='lat' dir='ltr'><strong>hostiles</strong></span> <span class='ocrx_word' id='word_1_440' title='bbox 1389 4231 1441 4281; x_wconf 81' lang='lat' dir='ltr'><strong>quae</strong></span> <span class='ocrx_word' id='word_1_441' title='bbox 1452 4231 1553 4282; x_wconf 84' lang='lat' dir='ltr'><strong>posuere</strong></span> <span class='ocrx_word' id='word_1_442' title='bbox 1562 4231 1655 4266; x_wconf 78' lang='lat' dir='ltr'><strong>uranias.</strong></span> 
     </span>
    </p>
   </div>
   <div class='ocr_carea' id='block_1_38' title="bbox 1396 4311 1580 4440">
    <p class='ocr_par' dir='ltr' id='par_1_46' title="bbox 1396 4311 1580 4440">
     <span class='ocr_line' id='line_1_84' title="bbox 1396 4311 1580 4371; baseline 0 -13"><span class='ocrx_word' id='word_1_443' title='bbox 1396 4311 1451 4371; x_wconf 75' lang='lat'>137.</span> <span class='ocrx_word' id='word_1_444' title='bbox 1467 4325 1580 4368; x_wconf 72' lang='lat' dir='ltr'><strong>recreer,</strong></span> 
     </span>
     <span class='ocr_line' id='line_1_85' title="bbox 1409 4389 1562 4440; baseline 0 0"><span class='ocrx_word' id='word_1_445' title='bbox 1409 4389 1438 4440; x_wconf 82' lang='lat' dir='ltr'><strong>de</strong></span> <span class='ocrx_word' id='word_1_446' title='bbox 1452 4395 1562 4440; x_wconf 81' lang='lat' dir='ltr'><strong>Hectore.</strong></span> 
     </span>
    </p>
   </div>
   <div class='ocr_carea' id='block_1_39' title="bbox 1097 4481 1753 4954">
    <p class='ocr_par' dir='ltr' id='par_1_47' title="bbox 1097 4481 1753 4954">
     <span class='ocr_line' id='line_1_86' title="bbox 1097 4481 1753 4548; baseline -0.008 -15"><span class='ocrx_word' id='word_1_447' title='bbox 1097 4483 1135 4534; x_wconf 83' lang='lat' dir='ltr'><strong>Ne</strong></span> <span class='ocrx_word' id='word_1_448' title='bbox 1146 4483 1239 4532; x_wconf 89' lang='lat' dir='ltr'><strong>tumulo</strong></span> <span class='ocrx_word' id='word_1_449' title='bbox 1249 4481 1335 4532; x_wconf 84' lang='lat' dir='ltr'><strong>metire</strong></span> <span class='ocrx_word' id='word_1_450' title='bbox 1346 4481 1414 4530; x_wconf 76' lang='lat' dir='ltr'><strong>brevi</strong></span> <span class='ocrx_word' id='word_1_451' title='bbox 1423 4497 1509 4548; x_wconf 88' lang='lat' dir='ltr'><strong>precor</strong></span> <span class='ocrx_word' id='word_1_452' title='bbox 1518 4485 1622 4530; x_wconf 77' lang='lat' dir='ltr'><strong>Hectora</strong></span> <span class='ocrx_word' id='word_1_453' title='bbox 1633 4495 1753 4544; x_wconf 82' lang='lat' dir='ltr'><strong>magnum,</strong></span> 
     </span>
     <span class='ocr_line' id='line_1_87' title="bbox 1129 4563 1587 4616; baseline -0.004 0"><span class='ocrx_word' id='word_1_454' title='bbox 1129 4569 1176 4616; x_wconf 86' lang='lat' dir='ltr'><strong>Par</strong></span> <span class='ocrx_word' id='word_1_455' title='bbox 1186 4565 1225 4615; x_wconf 89' lang='lat' dir='ltr'><strong>cui</strong></span> <span class='ocrx_word' id='word_1_456' title='bbox 1236 4575 1356 4614; x_wconf 85' lang='lat' dir='ltr'><strong>certamen</strong></span> <span class='ocrx_word' id='word_1_457' title='bbox 1368 4563 1459 4614; x_wconf 75' lang='lat' dir='ltr'><strong>Gracia</strong></span> <span class='ocrx_word' id='word_1_458' title='bbox 1471 4573 1522 4614; x_wconf 86' lang='lat' dir='ltr'><strong>tola</strong></span> <span class='ocrx_word' id='word_1_459' title='bbox 1533 4564 1587 4614; x_wconf 84' lang='lat' dir='ltr'><strong>luit.</strong></span> 
     </span>
     <span class='ocr_line' id='line_1_88' title="bbox 1097 4643 1686 4712; baseline -0.003 -16"><span class='ocrx_word' id='word_1_460' title='bbox 1097 4647 1166 4708; x_wconf 86' lang='lat' dir='ltr'><strong>ilias,</strong></span> <span class='ocrx_word' id='word_1_461' title='bbox 1177 4646 1310 4712; x_wconf 86' lang='lat' dir='ltr'><strong>Iliadesque</strong></span> <span class='ocrx_word' id='word_1_462' title='bbox 1325 4661 1425 4712; x_wconf 86' lang='lat' dir='ltr'><strong>parens,</strong></span> <span class='ocrx_word' id='word_1_463' title='bbox 1439 4645 1493 4710; x_wconf 84' lang='lat' dir='ltr'><strong>luga</strong></span> <span class='ocrx_word' id='word_1_464' title='bbox 1502 4645 1578 4712; x_wconf 57' lang='lat' dir='ltr'><strong>mulis</strong></span> <span class='ocrx_word' id='word_1_465' title='bbox 1590 4643 1686 4695; x_wconf 75' lang='lat' dir='ltr'><strong>Achiuae</strong></span> 
     </span>
     <span class='ocr_line' id='line_1_89' title="bbox 1130 4728 1721 4796; baseline -0.003 -17"><span class='ocrx_word' id='word_1_466' title='bbox 1130 4729 1268 4796; x_wconf 76' lang='lat' dir='ltr'><strong>Graiaeque,</strong></span> <span class='ocrx_word' id='word_1_467' title='bbox 1278 4729 1328 4779; x_wconf 70' lang='lat' dir='ltr'><strong>haec</strong></span> <span class='ocrx_word' id='word_1_468' title='bbox 1337 4728 1396 4778; x_wconf 88' lang='lat' dir='ltr'><strong>mibi</strong></span> <span class='ocrx_word' id='word_1_469' title='bbox 1408 4737 1463 4778; x_wconf 90' lang='lat' dir='ltr'><strong>sunt</strong></span> <span class='ocrx_word' id='word_1_470' title='bbox 1475 4728 1555 4778; x_wconf 83' lang='lat' dir='ltr'><strong>omnia</strong></span> <span class='ocrx_word' id='word_1_471' title='bbox 1567 4745 1611 4795; x_wconf 86' lang='lat' dir='ltr'><strong>pro</strong></span> <span class='ocrx_word' id='word_1_472' title='bbox 1625 4729 1721 4778; x_wconf 86' lang='lat' dir='ltr'><strong>tumulo.</strong></span> 
     </span>
     <span class='ocr_line' id='line_1_90' title="bbox 1305 4824 1729 4883; baseline 0 -13"><span class='ocrx_word' id='word_1_473' title='bbox 1305 4824 1358 4872; x_wconf 80' lang='lat'>138.</span> <span class='ocrx_word' id='word_1_474' title='bbox 1378 4839 1479 4870; x_wconf 79' lang='lat' dir='ltr'><strong>ncrairr</strong></span> <span class='ocrx_word' id='word_1_475' title='bbox 1496 4839 1672 4883; x_wconf 77' lang='lat' dir='ltr'><strong>pnnumnrrcr,</strong></span> <span class='ocrx_word' id='word_1_476' title='bbox 1723 4847 1729 4862; x_wconf 90' lang='lat'><em>·</em></span> 
     </span>
     <span class='ocr_line' id='line_1_91' title="bbox 1417 4902 1550 4954; baseline 0.015 -2"><span class='ocrx_word' id='word_1_477' title='bbox 1417 4902 1447 4952; x_wconf 85' lang='lat' dir='ltr'><strong>de</strong></span> <span class='ocrx_word' id='word_1_478' title='bbox 1460 4902 1550 4954; x_wconf 85' lang='lat' dir='ltr'><strong>eodem.</strong></span> 
     </span>
    </p>
   </div>
   <div class='ocr_carea' id='block_1_40' title="bbox 1096 4995 1715 5310">
    <p class='ocr_par' dir='ltr' id='par_1_48' title="bbox 1097 4995 1703 5144">
     <span class='ocr_line' id='line_1_92' title="bbox 1097 4995 1703 5060; baseline -0.008 -13"><span class='ocrx_word' id='word_1_479' title='bbox 1097 5001 1186 5047; x_wconf 85' lang='lat' dir='ltr'><strong>licetur</strong></span> <span class='ocrx_word' id='word_1_480' title='bbox 1198 4998 1322 5047; x_wconf 86' lang='lat' dir='ltr'><strong>Homerais</strong></span> <span class='ocrx_word' id='word_1_481' title='bbox 1333 4997 1488 5048; x_wconf 84' lang='lat' dir='ltr'><strong>celeberrime</strong></span> <span class='ocrx_word' id='word_1_482' title='bbox 1499 4997 1622 5058; x_wconf 84' lang='lat' dir='ltr'><strong>canlilrus,</strong></span> <span class='ocrx_word' id='word_1_483' title='bbox 1632 4995 1703 5060; x_wconf 85' lang='lat' dir='ltr'><strong>etqui</strong></span> 
     </span>
     <span class='ocr_line' id='line_1_93' title="bbox 1129 5078 1700 5144; baseline -0.004 -16"><span class='ocrx_word' id='word_1_484' title='bbox 1129 5078 1221 5140; x_wconf 86' lang='lat' dir='ltr'><strong>Muris,</strong></span> <span class='ocrx_word' id='word_1_485' title='bbox 1233 5095 1292 5144; x_wconf 89' lang='lat' dir='ltr'><strong>quos</strong></span> <span class='ocrx_word' id='word_1_486' title='bbox 1303 5079 1417 5129; x_wconf 88' lang='lat' dir='ltr'><strong>dederant</strong></span> <span class='ocrx_word' id='word_1_487' title='bbox 1428 5079 1459 5128; x_wconf 90' lang='lat' dir='ltr'><strong>Di</strong></span> <span class='ocrx_word' id='word_1_488' title='bbox 1471 5079 1531 5136; x_wconf 86' lang='lat' dir='ltr'><strong>duo,</strong></span> <span class='ocrx_word' id='word_1_489' title='bbox 1546 5094 1628 5128; x_wconf 87' lang='lat' dir='ltr'><strong>murus</strong></span> <span class='ocrx_word' id='word_1_490' title='bbox 1639 5093 1700 5135; x_wconf 85' lang='lat' dir='ltr'><strong>eras,</strong></span> 
     </span>
    </p>

    <p class='ocr_par' dir='ltr' id='par_1_49' title="bbox 1096 5160 1715 5310">
     <span class='ocr_line' id='line_1_94' title="bbox 1096 5160 1715 5222; baseline -0.003 -12"><span class='ocrx_word' id='word_1_491' title='bbox 1096 5165 1130 5210; x_wconf 83' lang='lat' dir='ltr'><strong>Te</strong></span> <span class='ocrx_word' id='word_1_492' title='bbox 1141 5160 1186 5210; x_wconf 87' lang='lat' dir='ltr'><strong>ribi</strong></span> <span class='ocrx_word' id='word_1_493' title='bbox 1199 5161 1328 5211; x_wconf 74' lang='lat' dir='ltr'><strong>Maeonides</strong></span> <span class='ocrx_word' id='word_1_494' title='bbox 1339 5171 1425 5211; x_wconf 87' lang='lat' dir='ltr'><strong>melam</strong></span> <span class='ocrx_word' id='word_1_495' title='bbox 1437 5160 1494 5210; x_wconf 84' lang='lat' dir='ltr'><strong>lacit</strong></span> <span class='ocrx_word' id='word_1_496' title='bbox 1505 5177 1511 5210; x_wconf 76' lang='grc' dir='ltr'>ι</span> <span class='ocrx_word' id='word_1_497' title='bbox 1524 5164 1628 5210; x_wconf 79' lang='lat' dir='ltr'><strong>Hectore</strong></span> <span class='ocrx_word' id='word_1_498' title='bbox 1637 5171 1715 5222; x_wconf 77' lang='lat' dir='ltr'><strong>magno</strong></span> 
     </span>
     <span class='ocr_line' id='line_1_95' title="bbox 1131 5242 1519 5310; baseline -0.005 -17"><span class='ocrx_word' id='word_1_499' title='bbox 1131 5244 1238 5310; x_wconf 81' lang='lat' dir='ltr'><strong>Abrepla</strong></span> <span class='ocrx_word' id='word_1_500' title='bbox 1252 5243 1305 5292; x_wconf 82' lang='lat' dir='ltr'><strong>latis</strong></span> <span class='ocrx_word' id='word_1_501' title='bbox 1319 5243 1373 5292; x_wconf 85' lang='lat' dir='ltr'><strong>Ilias</strong></span> <span class='ocrx_word' id='word_1_502' title='bbox 1385 5242 1435 5308; x_wconf 85' lang='lat' dir='ltr'><strong>ipsa</strong></span> <span class='ocrx_word' id='word_1_503' title='bbox 1449 5251 1519 5292; x_wconf 83' lang='lat' dir='ltr'><strong>tacet.</strong></span> 
     </span>
    </p>
   </div>
   <div class='ocr_carea' id='block_1_41' title="bbox 0 0 1962 5930">
    <p class='ocr_par' dir='ltr' id='par_1_50' title="bbox 0 0 1962 5930">
     <span class='ocr_line' id='line_1_96' title="bbox 0 0 1962 5930; baseline 0 1"><span class='ocrx_word' id='word_1_504' title='bbox 0 0 1962 5930; x_wconf 95' lang='lat' dir='ltr'><strong> </strong></span> 
     </span>
    </p>
   </div>
  </div>
 </body>
</html>
